3514 5326
861 992 942 1100 ne
1001 992 1334 1100 confusione
1393 991 1800 1136 pronominum
1849 993 2035 1100 tertiae
2086 1025 2349 1135 personae
2400 990 2788 1100 Graecorum⁰

1699 1241 1952 1282 scnn’srr

1588 1354 1652 1429 o.
1679 1357 1746 1430 A.
1774 1330 2111 1446 walburg‘

1725 1487 1927 1498 ——a

577 1557 872 1680 Ariete,
924 1623 1062 1688 quae
1111 1604 1245 1685 jam
1299 1611 1629 1680 vocantur,
1687 1605 1940 1686 lingum,
1994 1613 2063 1668 ut
2112 1604 2552 1686 pronominum
2601 1604 2821 1686 primae
2877 1611 2943 1667 et
2982 1621 3086 1667 se-

579 1707 793 1770 cundae
834 1725 1122 1788 personae
1166 1722 1461 1786 magnam
1503 1725 1636 1788 prae
1680 1726 1746 1768 se
1798 1707 2011 1769 ferunt
2038 1705 2512 1769 similitudinem
2543 1712 2608 1768 et
2636 1705 3089 1786 cognationem,

576 1808 674 1870 ita
701 1825 1044 1890 pronomen
1072 1806 1226 1870 illud
1258 1807 1464 1869 tertiae
1492 1827 1777 1889 personae
1795 1855 1811 1882 ,
1858 1807 2027 1890 quod
2058 1826 2286 1888 genera
2314 1807 2675 1891 plerumque
2706 1827 2831 1870 non
2862 1807 3091 1869 distin-

579 1906 790 1994 guit2)
848 1917 912 1971 et
952 1916 1212 1990 propter
1256 1926 1434 1971 usum
1477 1928 1657 1972 suum
1699 1909 1971 1972 maxime
2015 1909 2341 1989 vulgarem
2386 1908 2757 1972 reflexivum
2804 1908 3091 1990 appella-

578 2017 712 2085 tur,
759 2029 972 2072 omnes
1017 2006 1222 2094 fere-⁹⁶)
1270 2027 1348 2071 ex
1390 2029 1512 2072 uno
1558 2017 1811 2073 constat
1854 2010 2195 2092 eodemque
2240 2010 2412 2073 fonte
2458 2008 2800 2073 derivasse.

749 2111 999 2192 Lingua
1047 2110 1405 2186 Sanscrita,
1455 2130 1839 2193 quamquam
1882 2111 2001 2173 hoc
2038 2111 2405 2193 pronomine
2447 2131 2571 2174 non
2611 2111 2811 2174 utitur
2841 2118 2912 2172 ut
2937 2129 3090 2192 pro-

578 2212 718 2294 prio
762 2212 1101 2286 vocabulo,
1145 2211 1409 2292 stirpem
1439 2213 1602 2292 ejuS‚
1648 2232 1787 2294 quae
1819 2219 1919 2275 est
1958 2231 2126 2287 sva,
2171 2212 2455 2274 reflexivi
2485 2211 2873 2294 pronominis
2904 2223 3089 2274 se‘nsu

576 2314 642 2376 in
688 2312 1053 2395 compositis
1096 2313 1422 2376 vocabulis
1469 2313 1760 2388 exhibet;
1813 2321 1883 2376 ut
1924 2313 1989 2376 in
2034 2308 2324 2387 svab‘ii,
2381 2314 2548 2394 quod
2594 2314 2670 2376 de
2716 2332 2787 2375 eo
2836 2312 3089 2388 dicitur,
3182 2359 3190 2365 -

586 2415 750 2495 quod
794 2435 912 2497 per
955 2433 1016 2475 se
1070 2421 1184 2488 est,
1241 2420 1306 2475 et
1356 2413 1668 2476 similibus
1687 2415 1767 2498 ⁴).
1855 2414 2013 2476 Tum
2060 2434 2140 2476 ex
2191 2414 2408 2477 eadem
2452 2414 2650 2494 stirpe
2697 2414 2948 2476 ductum
2994 2421 3091 2476 est

587 2511 929 2599 svayam‚
995 2515 1160 2596 quod
1216 2513 1418 2598 ipsum
1473 2514 1786 2596 significat
1828 2523 1893 2577 et
1936 2515 2012 2576 de
2060 2514 2343 2577 omnibus
2384 2515 2671 2597 personis
2714 2534 2828 2596 per
2871 2534 3087 2577 omnes
3144 2502 3173 2562 s

585 2625 649 2679 et
702 2634 986 2681 numeros
1044 2624 1108 2679 et
1161 2634 1388 2698 genera
1443 2623 1507 2679 et
1559 2635 1736 2680 casus
1791 2621 2140 2699 usurpatur.
2238 2616 2520 2680 Indidem
2575 2615 2839 2698 denique
2884 2624 3087 2681 ortum

585 2726 683 2780 est
731 2736 1071 2799 pronomen
1124 2717 1552 2799 possessivum
1607 2737 1813 2793 sves,
1880 2718 2045 2792 sva,
2110 2734 2355 2793 svam,
2421 2718 2586 2800 quod
2638 2718 2957 2808 etnipsum
3012 2720 3087 2791 de

584 2819 868 2883 omnibus
921 2818 1208 2900 personis
1265 2826 1328 2880 et
1379 2819 1659 2881 numeris
1713 2818 1943 2881 dicitur
2009 2818 2104 2881 ita
2148 2826 2220 2881 ut
2260 2838 2382 2881 non
2426 2820 2626 2882 solum
2671 2840 2847 2881 suum
2889 2819 3089 2902 signi-

564 2920 753 2996 ficet,
807 2920 920 2982 sed
964 2917 1154 2981 etiam
1196 2938 1425 2994 meum,
1469 2929 1671 2994 tuum,
1713 2928 2016 2994 nostrum,
2058 2928 2323 2983 vestrum
2339 2917 2419 3004 ⁶).

718 3098 753 3163 ι)
785 3097 917 3149 Rem
955 3114 986 3148 a
1019 3098 1273 3149 veteribus
1308 3100 1654 3163 grammaticis
1691 3100 1872 3163 sapius
1906 3100 2183 3152 indicatam
2197 3136 2211 3158 ,
2249 3115 2280 3149 a
2314 3099 2674 3151 recentioribus
2710 3114 2898 3165 magna
2920 3115 3089 3151 exem·

574 3183 775 3248 plorum
823 3184 968 3249 copia
1010 3184 1386 3249 comprobatam
1399 3218 1414 3243 ‚
1470 3201 1503 3235 a
1546 3184 1909 3236 recentissimis
1957 3185 2173 3236 aliarum
2220 3186 2512 3251 linguarum
2560 3186 2935 3250 comparatione
2969 3185 3087 3237 illu·

575 3274 791 3319 strat-am
837 3270 883 3318 si
917 3269 1012 3319 hoc
1046 3267 1154 3319 loco
1189 3268 1315 3319 mihi
1349 3273 1588 3335 proposui
1623 3272 1968 3330 tractandam,
2005 3272 2057 3322 id
2092 3272 2254 3322 solum
2292 3271 2540 3337 spectavi,
2578 3277 2638 3321 ut
2673 3269 2943 3343 historiam
2976 3287 3081 3323 ser·

581 3353 746 3404 monis
783 3354 944 3403 Graeci
979 3368 1042 3404 ex
1075 3362 1220 3419 parte
1255 3354 1472 3419 quadam
1509 3356 1689 3421 exigua
1723 3356 1882 3407 oculis
1916 3357 2194 3423 legentium
2230 3356 2538 3420 subjicerem.
2572 3382 2639 3392 —
2675 3353 2801 3416 Quas
2835 3358 2937 3410 huc
2972 3373 3086 3409 con-

573 3446 721 3505 gesta
769 3447 890 3489 sunt
937 3440 1188 3505 exempla,
1237 3442 1509 3492 maximam
1561 3448 1759 3509 partem
1810 3442 2054 3492 instituta
2108 3446 2226 3491 ante
2273 3441 2364 3491 hos
2401 3441 2593 3505 aliquot
2627 3457 2786 3493 annos
2822 3450 3083 3509 poetarum

575 3522 866 3575 Groecorum
910 3524 1125 3577 lectione
1171 3526 1494 3593 collegeram3
1542 3541 1704 3585 nunc,
1750 3529 1848 3578 etsi
1883 3543 1982 3578 non
2019 3527 2307 3578 dubitabam
2324 3562 2338 3584 ‚
2374 3527 2498 3591 quin
2530 3527 2778 3579 nonnulla
2811 3544 2893 3580 me
2928 3530 3085 3595 fugis·

576 3615 717 3669 sent,
753 3619 808 3661 et
841 3618 1043 3676 tempus
1080 3619 1134 3662 et
1168 3612 1368 3662 animus
1404 3613 1577 3663 deerat
1611 3613 1883 3663 molestum
1918 3612 2140 3663 laborem
2177 3612 2340 3663 denuo
2375 3612 2611 3677 incipere.

713 3695 755 3761 ²)
792 3697 937 3755 Una,
986 3697 1119 3762 quod
1155 3697 1337 3756 sciam,
1375 3699 1553 3750 Graeca
1586 3698 1793 3764 lingua,
1842 3700 1895 3747 in
1929 3698 2113 3763 plurali
2147 3713 2357 3749 numero
2405 3704 2646 3749 neutrum
2682 3714 2844 3765 genus
2881 3714 2914 3748 a
2947 3707 3082 3751 cete-

575 3781 644 3832 ris
681 3782 966 3847 distinguit.

713 3864 752 3930 ³)
787 3868 890 3918 Eas
927 3881 1103 3917 omnes
1139 3868 1277 3926 dico,
1323 3882 1434 3933 quae
1478 3867 1572 3919 hoc
1619 3883 1893 3932 pronomen
1950 3868 2164 3927 habent3
2210 3885 2330 3920 nam
2380 3870 2597 3935 Anglica
2631 3870 2809 3937 lingua
2855 3884 2955 3920 non
2990 3871 3084 3920 mi-

576 3967 674 4002 nus
728 3967 882 4017 quam
939 3960 1086 4004 vetus
1136 3953 1544 4020 Anglosaxonica
1587 3954 1823 4004 reflexivo
1870 3954 2163 4019 pronomine
2208 3962 2359 4007 caret.
2456 3955 2697 4006 Sendicas
2744 3956 2933 4007 formas
2979 3955 3082 4016 he,

574 4034 685 4086 hoi
738 4037 965 4100 ejusdem
1001 4038 1212 4105 originis
1250 4052 1363 4089 esse
1400 4039 1626 4104 Boppius
1674 4040 1845 4089 Gram.
1883 4039 2053 4105 Comp.
2084 4040 2154 4091 ΙΙ.
2192 4055 2237 4104 p.
2260 4039 2359 4093 126
2396 4041 2578 4091 statuit
2611 4042 2675 4091 iis
2710 4042 3082 4102 convenienter,

575 4135 688 4185 quae
732 4122 878 4174 docet
925 4123 1150 4186 ejusdem
1196 4126 1360 4188 operis
1408 4122 1450 4172 1.
1495 4139 1542 4187 p.
1579 4122 1648 4183 32
1684 4140 1759 4189 sq.
1849 4122 1975 4185 Quae
2020 4125 2191 4176 formae
2246 4126 2289 4175 si
2331 4141 2432 4176 non
2478 4126 2711 4177 reflexivo
2759 4126 2849 4178 sed
2892 4127 3083 4178 directo

574 4220 730 4256 sensu
766 4215 1104 4271 usurpantur,
1139 4208 1291 4259 idem·
1311 4216 1363 4260 et
1395 4210 1450 4261 in
1484 4212 1656 4261 Graeco
1689 4212 1985 4275 pronomine
2020 4216 2071 4261 et
2103 4212 2156 4262 in
2192 4212 2490 4276 possessivis
2525 4211 2801 4262 multarum
2838 4211 3081 4262 recentio-

571 4304 685 4341 rum
731 4292 1020 4357 linguarum
1067 4307 1127 4343 ex
1173 4294 1348 4345 eodem
1381 4297 1524 4347 fonte
1559 4298 1682 4347 ortis
1719 4310 1851 4363 saepe
1886 4297 1996 4347 fieri
2030 4297 2275 4347 videmus.
2336 4295 2435 4348 Sed
2471 4296 2547 4348 cfr
2582 4294 2888 4358 Schleicher‚
2924 4296 3081 4349 Laut-

572 4376 712 4429 lehre
746 4393 795 4444 p.
830 4375 947 4429 489.

715 4462 756 4528 ⁴)
793 4463 929 4515 Vide
963 4460 1124 4529 Bopp.
1162 4465 1333 4515 Gram.
1370 4468 1440 4519 11.
1478 4486 1527 4534 p.
1560 4466 1658 4519 126
1692 4483 1797 4533 sqq.

713 4545 758 4613 ⁸)
794 4548 1317 4601 Animadvertendum
1371 4558 1451 4603 est
1492 4552 1587 4604 hoc
1631 4568 1734 4604 non
1782 4554 1859 4603 ita
1893 4552 2019 4609 dici.
2070 4552 2216 4617 quasi
2264 4567 2373 4604 sva
2388 4570 2412 4604 s
2465 4554 2597 4606 idem
2635 4556 2705 4605 sit
2750 4560 2902 4620 atque
2936 4570 3080 4605 meus

573 4639 838 4699 ceteraque
871 4635 1048 4701 primae
1082 4642 1134 4687 et
1167 4636 1400 4689 secundas
1433 4652 1657 4701 persona
1691 4638 2001 4704 possessiva,
2036 4652 2211 4688 verum
2247 4638 2344 4699 ita,
2381 4647 2468 4698 ut,
2516 4641 2561 4690 si
2594 4641 2668 4699 is,
2705 4640 2793 4704 qui
2825 4640 3078 4703 loquitur,

571 4719 946 4783 possessionem
989 4734 1051 4771 ex
1087 4736 1183 4772 sua
1214 4721 1376 4787 ipsius
1410 4736 1630 4787 persona
1673 4724 1959 4791 significare
1992 4722 2117 4773 velit
2150 4750 2213 4761 -
2262 4723 2315 4773 id
2349 4724 2480 4789 quod
2516 4726 2569 4775 in
2604 4724 2855 4789 plerisque
2888 4725 3077 4790 linguis

572 4805 856 4857 necessario
891 4805 952 4855 fit
986 4832 1051 4844 —
1086 4812 1198 4859 tum
1234 4807 1282 4858 ei
1315 4806 1424 4860 haec
1454 4810 1754 4875 pronomina
1786 4809 2079 4876 usurpanda
2112 4810 2230 4860 sint.

1453 4960 1923 5062 4114-10
