3514 5326
963 507 1048 560 De
1093 507 1403 562 confusione
1449 510 1822 580 pronominum
1869 510 2045 565 tertiae
2089 527 2333 582 perseum
2377 510 2699 565 Graecorum.
3042 509 3076 562 ⁵

584 677 1041 744 minationibus
1095 679 1493 756 indicabant,
1549 700 1672 763 qua
1715 680 1963 744 ratione
2009 698 2146 744 cum
2190 680 2335 744 aliis
2379 682 2699 745 vocabulis
2746 684 3081 765 conjunge-

583 785 776 856 retur,
833 789 897 844 et
939 801 1232 844 numeros
1274 781 1513 863 partim
1563 781 2148 855 terminationibus,
2190 783 2425 863 partim
2472 783 2768 864 stirpium
2812 783 3082 847 diversi-

582 895 716 951 tate
768 877 1324 968 distinguebant1).
1412 882 1719 946 Attamen
1777 883 1910 945 haec
1964 882 2208 956 omnia,
2274 891 2501 964 praeter
2556 905 2805 948 casuum
2852 884 3082 947 distin-⁶
3142 861 3155 875 ’

585 988 820 1052 ctiones
833 979 917 1069 ²²),
949 1004 1074 1047 non
1104 985 1262 1047 adeo
1294 992 1465 1048 certa
1495 992 1676 1046 erant
1705 992 1769 1046 et
1800 984 2166 1057 constituta,
2195 992 2265 1046 ut
2294 1002 2622 1066 numquam
2653 987 2734 1048 ab
2765 986 2844 1047 iis
2876 985 3082 1048 disce·
3169 992 3178 1003 ’

584 1091 833 1153 deretur
876 1105 1077 1169 neque
1122 1085 1397 1168 antiquae
1442 1085 1674 1148 radicis
1718 1083 1816 1146 vis
1848 1104 1921 1146 ac
1951 1093 2181 1147 natura
2210 1085 2403 1147 etiam
2435 1085 2499 1147 in
2529 1084 2753 1150 Graeca
2781 1086 3081 1167 progenie

583 1193 937 1272 appareret.
1010 1187 1256 1268 Saepius
1303 1185 1470 1272 enim
1518 1187 1754 1248 factum
1800 1205 1937 1246 esse
1981 1185 2287 1260 videmus,
2331 1195 2413 1249 ut
2455 1195 2587 1250 aut
2629 1187 2718 1249 ad
2764 1187 3079 1268 primam

582 1292 707 1354 vel
751 1288 1153 1352 secundam
1193 1307 1594 1368 personam
1637 1287 1774 1348 hoc
1817 1304 2227 1368 pronomen
2270 1288 2691 1350 referretur
2736 1296 2867 1350 aut
2909 1288 3082 1370 plu-

583 1393 790 1455 rales
856 1407 1078 1451 casus
1143 1407 1278 1469 pro
1345 1386 1871 1469 singularibus
1948 1387 2504 1451 adhiberentur
2570 1397 2699 1451 aut
2758 1408 3080 1471 posses-

583 1492 758 1556 siva
821 1509 908 1552 ex
971 1488 1308 1550 diversis
1372 1489 1594 1569 hujus
1661 1488 2141 1570 pronominis
2206 1489 2541 1552 numeris
2610 1491 2841 1552 ducta
2903 1508 3081 1571 pro-

584 1592 869 1655 miscue
915 1596 1504 1671 usurparentur,
1550 1595 1623 1651 ut
1663 1608 1865 1670 neque
1909 1607 2208 1670 personas
2252 1609 2450 1670 neque
2494 1609 2785 1653 numeros
2826 1609 3081 1670 posses-

583 1713 794 1757 sorum
838 1682 1333 1774 observarent3).
1422 1692 1574 1753 Haec
1629 1690 1825 1771 igitur
1868 1689 2143 1772 antiquae
2186 1689 2417 1752 radicis
2461 1675 2761 1771 vestigia,
2819 1711 2956 1772 quae
3001 1691 3080 1752 ab

583 1793 921 1858 Homerica
985 1792 1132 1854 inde
1185 1797 1372 1854 aetate
1425 1811 1622 1872 usque
1686 1790 1770 1851 ad
1821 1791 1953 1852 baec
2002 1798 2289 1872 tempora
2352 1811 2467 1872 per
2518 1799 2720 1854 totum
2776 1791 3081 1854 sermonis

584 1894 787 1960 Groeci
837 1894 1164 1956 decursum
1213 1900 1576 1968 cernuntur,
1622 1891 1890 1954 strictim
1932 1909 2301 1971 percensere
2342 1892 2781 1955 constituimus
2814 1901 2877 1955 et
2903 1891 3081 1957 brevi

582 1997 648 2059 in
715 2002 1053 2076 conspectu
1119 2011 1486 2075 proponere.
1591 1992 1680 2057 Et
1743 1990 2044 2074 quoniam
2098 1993 2317 2055 solutae
2376 1993 2680 2055 orationis
2739 1993 3079 2074 scriptores

583 2096 911 2179 complecti
955 2094 1279 2176 nequimus
1324 2093 1495 2176 iique
1539 2093 1842 2176 pauciora
1884 2091 2066 2172 hujus
2112 2092 2204 2154 rei
2250 2093 2540 2176 exempla
2585 2102 2649 2157 et
2690 2093 3083 2175 simpliciora

583 2199 880 2271 offerunt,
945 2196 1021 2258 de
1085 2194 1186 2258 bis
1253 2214 1440 2276 quum
1500 2194 1779 2258 breviter
1827 2193 2407 2274 praemonuerimus,
2472 2193 2537 2256 in
2593 2201 2920 2276 poetarum
2968 2214 3082 2257 usu

581 2299 886 2362 consistet
925 2297 1057 2360 haec
1101 2295 1465 2377 disputatio.
2934 2342 2963 2368 Ι

707 2399 900 2480 Apud
946 2397 1258 2460 Atticos
1304 2397 1495 2478 igitur
1537 2396 1756 2460 solutoe
1804 2395 2109 2458 orationis
2152 2394 2493 2476 scriptores
2535 2395 2692 2458 nihil
2733 2397 2864 2458 fere
2892 2395 3079 2476 huJus

582 2500 828 2583 generis
875 2498 1144 2562 occurrit
1185 2496 1309 2560 nisi
1353 2498 1417 2560 in
1459 2497 1827 2579 pronomine
1872 2496 2175 2559 reflexivo
2218 2495 2425 2559 tertiae
2468 2515 2750 2578 personae
2786 2516 2863 2560 ex
2894 2488 3084 2571 αὐτός

583 2600 947 2683 composito.
1033 2599 1241 2680 Hujus
1285 2597 1677 2681 pronominis
1723 2596 1938 2660 duales
1984 2604 2048 2658 et
2090 2596 2361 2678 plurales
2407 2597 2620 2660 formae
2659 2598 2797 2681 ipse
2826 2599 2948 2661 sibi
2981 2618 3082 2662 re-

582 2722 860 2785 pugnare
911 2700 1234 2774 videntur,
1289 2719 1554 2781 quorum
1607 2699 1783 2782 prior
1836 2718 1984 2780 pars
2032 2699 2115 2761 ad
2158 2698 2529 2779 singularem
2574 2719 2891 2763 numerum
2934 2720 3081 2782 per-

580 2803 802 2868 tineat.
891 2800 1100 2873 Quam
1153 2801 1232 2863 ob
1286 2820 1544 2865 causam
1599 2799 1881 2865 nonnulli
1939 2806 2184 2861 veteres
2238 2799 2632 2881 grammatici
2688 2820 2796 2864 eas
2839 2801 3081 2883 impro-

581 2906 844 2977 barunt,
911 2921 1104 2986 quum
1161 2901 1306 2965 illos
1361 2922 1654 2965 numeros
1699 2901 1933 2965 rectius
1986 2899 2068 2962 ad
2113 2900 2375 2963 Homeri
2419 2901 2774 2982 exemplum
2820 2902 3081 2965 formari

583 2996 944 3087 dicerent⁴).
1030 3002 1190 3077 Sed,
1242 3002 1311 3066 id
1355 3004 1525 3087 quod
1569 3003 1847 3066 maxime
1888 3000 2251 3064 Atticorum
2305 3002 2631 3084 proprium
2684 3022 2725 3063 a
2768 3022 3082 3083 gramma-

580 3105 727 3168 ticis
782 3104 907 3168 dici
961 3104 1154 3177 solet,
1219 3122 1382 3188 saepe
1438 3104 1556 3168 hoc
1605 3122 1949 3185 pronomen
2002 3102 2077 3163 de
2128 3100 2338 3183 prima
2393 3109 2582 3183 atque
2639 3103 2831 3165 etiam
2879 3104 3081 3184 magis

582 3206 658 3269 de
701 3205 975 3268 secunda
1015 3223 1288 3286 persona
1332 3197 1776 3287 usurpatum⁵)
1821 3202 2147 3268 invenitur
2200 3222 2397 3284 neque
2441 3210 2688 3265 tantum
2742 3203 2807 3265 in
2850 3203 3081 3287 plurali

720 3384 759 3449 ¹)
796 3386 872 3436 Ex
907 3384 1009 3435 alia
1042 3389 1184 3450 parte
1219 3382 1317 3433 dici
1352 3388 1568 3447 possunt
1602 3380 1730 3431 fines
1764 3380 1919 3445 huJus
1954 3383 2259 3446 pronominis
2295 3382 2566 3442 dilatasse,
2602 3398 2759 3449 quum
2796 3384 2862 3434 ad
2886 3385 3079 3435 reflexi·

573 3487 692 3523 vum
748 3485 951 3521 sensum
965 3505 982 3528 ‚
1038 3484 1188 3535 quem
1241 3469 1297 3517 in
1354 3468 1531 3533 lingua
1590 3466 1853 3518 Sanscrita
1909 3468 2181 3527 habuerat,
2240 3468 2446 3534 insuper
2490 3468 2736 3520 directum
2782 3469 3079 3520 addiderint.

577 3555 680 3609 Sed
715 3572 774 3608 ea
809 3570 890 3607 res
926 3554 989 3606 ab
1024 3553 1120 3606 hoc
1153 3554 1262 3605 loco
1297 3553 1465 3604 aliena
1499 3561 1591 3603 est.

685 3640 755 3707 '²)
793 3640 850 3693 Si
883 3641 1009 3692 fides
1046 3639 1302 3705 Hesychio
1337 3638 1571 3690 habenda
1607 3647 1686 3689 est
1717 3639 1851 3699 (vide
1886 3654 1933 3705 p.
1969 3640 2005 3688 4
2038 3647 2211 3691 annot.
2247 3639 2304 3704 6)
2338 3638 2394 3690 tv
2430 3642 2585 3691 etiam
2622 3642 2941 3691 accusativus
2966 3655 3078 3692 esse

575 3734 794 3794 poterat.
865 3727 1009 3778 Idem
1057 3726 1122 3776 de
1167 3724 1249 3777 &tr
1283 3726 1446 3782 valet,
1492 3726 1532 3775 si
1571 3724 1839 3777 Bekkerus
1888 3724 1939 3774 in
1979 3725 2250 3790 Apoll.'de
2284 3726 2437 3778 Pron.
2475 3742 2523 3790 p.
2566 3725 2664 3777 106
2710 3733 2843 3777 recte
2878 3728 3081 3791 conjicit

571 3808 659 3867 ent
693 3807 979 3879 αἲπατοκῆς
1009 3806 1129 3866 ἔσθ’
1170 3808 1256 3864 ὅτι
1301 3808 1828 3880 παραλαμβανομὲνη
1872 3810 2141 3875 legendum
2178 3824 2304 3861 esse.
2393 3811 2478 3862 Cfr
2513 3812 2707 3863 Buttm.
2747 3814 2918 3862 Gram.
2955 3811 3077 3877 Maj.

569 3914 618 3965 p.
657 3896 773 3950 290.

711 3980 749 4043 ³)
781 3984 950 4049 Hujus
997 3999 1120 4036 usus
1156 3983 1375 4050 primum
1424 3988 1476 4032 et
1509 3980 1717 4031 tertium
1766 3994 1930 4046 genus
1976 3980 2145 4031 minus
2191 3988 2328 4032 recte
2361 3982 2786 4046 permutationem
2829 3982 3077 4047 pronomi-

573 4085 693 4120 num
732 4069 898 4121 dicere
933 4071 1101 4121 solent
1134 4068 1469 4135 grammatici.
1539 4066 1618 4117 Ne
1653 4066 1705 4115 id
1746 4064 1949 4130 quidem
1986 4080 2047 4117 ex
2070 4067 2205 4117 omni
2241 4072 2382 4132 parte
2406 4082 2518 4118 vere
2544 4068 2757 4125 dicitur.
2791 4069 3079 4133 possessiva

571 4155 740 4205 tertiae
783 4169 1013 4220 personae
1058 4158 1153 4207 hoc
1189 4155 1334 4206 modo
1381 4159 1633 4218 usurpata
1669 4152 1802 4202 idem
1840 4153 2008 4203 valere
2043 4159 2195 4218 atque
2229 4148 2377 4209 ἴδιος.
2449 4153 2581 4205 Nam
2617 4154 2713 4205 hoc
2746 4153 3045 4205 vocabulum
3061 4190 3076 4213 ,

571 4239 666 4289 etsi
711 4238 774 4291 ab
819 4240 992 4289 eodem
1041 4242 1178 4292 fonte
1231 4247 1368 4293 recte
1415 4239 1697 4298 derivatur,
1755 4239 1909 4289 aliam
1957 4238 2111 4290 habet
2158 4239 2258 4288 vim
2272 4274 2287 4297 ,
2345 4254 2445 4305 qua
2480 4239 2594 4307 ipsa
2628 4254 2690 4290 ex
2723 4240 3076 4306 pronominum

569 4339 780 4376 numero
818 4325 1114 4377 excluditur.

715 4406 758 4476 ⁴)
805 4408 919 4461 Hoc
965 4411 1025 4461 de
1072 4410 1367 4462 Aristarcho
1413 4414 1632 4461 testatur
1679 4410 1843 4475 Apoll.
1895 4410 1957 4464 de
1991 4410 2141 4462 Pron.
2190 4426 2241 4474 p.
2278 4408 2347 4461 90
2382 4426 2485 4477 sq„
2544 4411 2631 4462 ubi
2675 4411 2784 4478 ipse
2819 4415 2928 4476 ejus
2964 4425 3076 4463 sen-

569 4495 784 4547 tentiam
823 4498 1007 4547 tuetur.
1081 4494 1272 4546 Eadem
1309 4496 1504 4548 ratione
1553 4510 1599 4561 p.
1637 4493 1734 4547 139
1782 4497 1983 4546 verbum
2021 4495 2387 4568 σφηερίζομαι
2431 4495 2493 4547 de
2533 4497 2664 4547 lema
2699 4502 2751 4547 et
2784 4494 2923 4548 11:da
2956 4510 3070 4561 per·

573 4596 699 4631 sona
746 4585 1047 4647 usurpatum
1095 4578 1342 4643 improbat
1355 4613 1370 4636 ‚
1425 4580 1558 4645 quod
1602 4580 1666 4631 ad
1713 4582 1875 4631 solam
1923 4582 2123 4631 tertiam
2169 4596 2436 4648 personam
2480 4582 2692 4648 pluralis
2728 4590 2861 4633 recte
2896 4582 3075 4633 referri

570 4666 746 4737 possit.
818 4663 1139 4731 Quamquam
1174 4664 1334 4729 ipsam
1371 4665 1525 4730 huJus
1558 4666 1698 4717 verbi
1733 4666 2085 4719 formationem
2122 4666 2367 4734 analogio
2403 4680 2683 4735 repugnare
2729 4673 2916 4719 censet.

711 4748 755 4821 ⁸)
789 4750 955 4824 Apoll.
993 4750 1138 4821 Synt.
1176 4764 1223 4821 p.
1263 4746 1360 4803 195
1401 4766 1472 4823 sq.
1519 4752 1614 4805 hoc
1648 4753 1701 4805 iu
1739 4751 1986 4821 singulari
2019 4766 2229 4804 numero
2265 4758 2401 4805 recte
2435 4752 2547 4805 fleri
2580 4758 2761 4818 negat.
2805 4750 2942 4817 quod
2978 4752 3073 4803 im·
