<?xml version="1.0" encoding="UTF-8"?>
<!DOCTYPE html PUBLIC "-//W3C//DTD XHTML 1.0 Transitional//EN"
    "http://www.w3.org/TR/xhtml1/DTD/xhtml1-transitional.dtd">
<html xmlns="http://www.w3.org/1999/xhtml" xml:lang="en" lang="en">
 <head>
  <title>
</title>
<meta http-equiv="Content-Type" content="text/html;charset=utf-8" />
  <meta name='ocr-system' content='tesseract 3.04.00' />
  <meta name='ocr-capabilities' content='ocr_page ocr_carea ocr_par ocr_line ocrx_word'/>
</head>
<body>
  <div class='ocr_page' id='page_1' title='image "./deconfusionepro00walbgoog_0008.png"; bbox 0 0 3514 5326; ppageno 0'>
   <div class='ocr_carea' id='block_1_1' title="bbox 401 397 1883 524">
    <p class='ocr_par' dir='ltr' id='par_1_1' title="bbox 401 393 1883 524">
     <span class='ocr_line' id='line_1_1' title="bbox 401 397 1883 524; baseline 0.003 -22"><span class='ocrx_word' id='word_1_1' title='bbox 401 446 440 502; x_wconf 83' lang='lat'>4</span> <span class='ocrx_word' id='word_1_2' title='bbox 633 403 678 452; x_wconf 40' lang='grc' dir='ltr'><strong><em>ὀ</em></strong></span> <span class='ocrx_word' id='word_1_3' title='bbox 1217 397 1883 524; x_wconf 31' lang='lat' dir='ltr'>...absh-..waberg-</span> 
     </span>
    </p>
   </div>
   <div class='ocr_carea' id='block_1_2' title="bbox 392 619 2925 2230">
    <p class='ocr_par' dir='ltr' id='par_1_2' title="bbox 392 619 2925 2230">
     <span class='ocr_line' id='line_1_2' title="bbox 573 619 2911 706; baseline 0 -20"><span class='ocrx_word' id='word_1_4' title='bbox 573 621 678 686; x_wconf 83' lang='lat' dir='ltr'>Ex</span> <span class='ocrx_word' id='word_1_5' title='bbox 720 621 842 682; x_wconf 83' lang='lat' dir='ltr'>hac</span> <span class='ocrx_word' id='word_1_6' title='bbox 882 622 1076 704; x_wconf 86' lang='lat' dir='ltr'>igitur</span> <span class='ocrx_word' id='word_1_7' title='bbox 1119 621 1333 686; x_wconf 82' lang='lat' dir='ltr'><strong>radice</strong></span> <span class='ocrx_word' id='word_1_8' title='bbox 1379 643 1596 688; x_wconf 91' lang='lat' dir='ltr'>omnes</span> <span class='ocrx_word' id='word_1_9' title='bbox 1639 622 2031 706; x_wconf 86' lang='lat' dir='ltr'><strong>pronominis</strong></span> <span class='ocrx_word' id='word_1_10' title='bbox 2075 619 2279 686; x_wconf 82' lang='lat' dir='ltr'>tertiae</span> <span class='ocrx_word' id='word_1_11' title='bbox 2322 639 2608 704; x_wconf 83' lang='lat' dir='ltr'>personae</span> <span class='ocrx_word' id='word_1_12' title='bbox 2652 621 2911 688; x_wconf 83' lang='lat' dir='ltr'>Graeco-</span> 
     </span>
     <span class='ocr_line' id='line_1_3' title="bbox 392 712 2912 810; baseline 0.001 -24"><span class='ocrx_word' id='word_1_13' title='bbox 392 712 546 786; x_wconf 66' lang='lat' dir='ltr'>‘rum</span> <span class='ocrx_word' id='word_1_14' title='bbox 614 725 848 786; x_wconf 82' lang='lat' dir='ltr'>formas</span> <span class='ocrx_word' id='word_1_15' title='bbox 914 731 1145 806; x_wconf 84' lang='lat' dir='ltr'>praeter</span> <span class='ocrx_word' id='word_1_16' title='bbox 1209 727 1324 806; x_wconf 79' lang='grc' dir='ltr'>μίν</span> <span class='ocrx_word' id='word_1_17' title='bbox 1374 734 1437 788; x_wconf 80' lang='lat' dir='ltr'>et</span> <span class='ocrx_word' id='word_1_18' title='bbox 1485 727 1591 789; x_wconf 60' lang='grc' dir='ltr'>νῦν</span> <span class='ocrx_word' id='word_1_19' title='bbox 1655 724 1850 810; x_wconf 83' lang='lat' dir='ltr'>(quas</span> <span class='ocrx_word' id='word_1_20' title='bbox 1897 725 1975 788; x_wconf 93' lang='lat' dir='ltr'>ob</span> <span class='ocrx_word' id='word_1_21' title='bbox 2026 723 2191 786; x_wconf 83' lang='lat' dir='ltr'>hanc</span> <span class='ocrx_word' id='word_1_22' title='bbox 2242 742 2500 786; x_wconf 83' lang='lat' dir='ltr'>causam</span> <span class='ocrx_word' id='word_1_23' title='bbox 2552 722 2912 810; x_wconf 84' lang='lat' dir='ltr'>omisimus)</span> 
     </span>
     <span class='ocr_line' id='line_1_4' title="bbox 411 823 2915 904; baseline 0.002 -17"><span class='ocrx_word' id='word_1_24' title='bbox 411 832 584 887; x_wconf 80' lang='lat' dir='ltr'>ortas</span> <span class='ocrx_word' id='word_1_25' title='bbox 633 843 770 886; x_wconf 90' lang='lat' dir='ltr'>esse</span> <span class='ocrx_word' id='word_1_26' title='bbox 820 823 1068 904; x_wconf 85' lang='lat' dir='ltr'>jamdiu</span> <span class='ocrx_word' id='word_1_27' title='bbox 1123 835 1388 888; x_wconf 81' lang='lat' dir='ltr'>constat.</span> <span class='ocrx_word' id='word_1_28' title='bbox 1489 825 1672 898; x_wconf 81' lang='lat' dir='ltr'>Quod</span> <span class='ocrx_word' id='word_1_29' title='bbox 1727 827 1825 890; x_wconf 80' lang='lat' dir='ltr'>ita</span> <span class='ocrx_word' id='word_1_30' title='bbox 1879 828 2151 900; x_wconf 85' lang='lat' dir='ltr'>factum,</span> <span class='ocrx_word' id='word_1_31' title='bbox 2214 831 2286 888; x_wconf 87' lang='lat' dir='ltr'>ut</span> <span class='ocrx_word' id='word_1_32' title='bbox 2338 825 2473 888; x_wconf 82' lang='lat' dir='ltr'>duae</span> <span class='ocrx_word' id='word_1_33' title='bbox 2519 826 2915 892; x_wconf 81' lang='lat' dir='ltr'>efficerentur</span> 
     </span>
     <span class='ocr_line' id='line_1_5' title="bbox 405 925 2917 1014; baseline 0.001 -25"><span class='ocrx_word' id='word_1_34' title='bbox 405 945 582 989; x_wconf 85' lang='lat' dir='ltr'>novae</span> <span class='ocrx_word' id='word_1_35' title='bbox 645 925 908 1014; x_wconf 78' lang='lat' dir='ltr'>stirpeS‚</span> <span class='ocrx_word' id='word_1_36' title='bbox 965 946 1224 1008; x_wconf 81' lang='lat' dir='ltr'>quarum</span> <span class='ocrx_word' id='word_1_37' title='bbox 1281 947 1360 990; x_wconf 82' lang='lat' dir='ltr'>ex</span> <span class='ocrx_word' id='word_1_38' title='bbox 1403 928 1606 992; x_wconf 82' lang='lat' dir='ltr'>altera</span> <span class='ocrx_word' id='word_1_39' title='bbox 1647 928 1985 1010; x_wconf 79' lang='lat' dir='ltr'>singularis</span> <span class='ocrx_word' id='word_1_40' title='bbox 2031 927 2269 990; x_wconf 90' lang='lat' dir='ltr'>numeri</span> <span class='ocrx_word' id='word_1_41' title='bbox 2315 945 2523 1002; x_wconf 83' lang='lat' dir='ltr'>casus,</span> <span class='ocrx_word' id='word_1_42' title='bbox 2590 947 2670 990; x_wconf 82' lang='lat' dir='ltr'>ex</span> <span class='ocrx_word' id='word_1_43' title='bbox 2713 929 2917 991; x_wconf 81' lang='lat' dir='ltr'>altera</span> 
     </span>
     <span class='ocr_line' id='line_1_6' title="bbox 417 1026 2917 1110; baseline 0.002 -21"><span class='ocrx_word' id='word_1_44' title='bbox 417 1026 622 1090; x_wconf 83' lang='lat' dir='ltr'>dualis</span> <span class='ocrx_word' id='word_1_45' title='bbox 679 1033 744 1088; x_wconf 79' lang='lat' dir='ltr'>et</span> <span class='ocrx_word' id='word_1_46' title='bbox 792 1027 1056 1107; x_wconf 83' lang='lat' dir='ltr'>pluralis</span> <span class='ocrx_word' id='word_1_47' title='bbox 1110 1028 1424 1110; x_wconf 78' lang='lat' dir='ltr'>fingebant</span> <span class='ocrx_word' id='word_1_48' title='bbox 1467 1027 1694 1094; x_wconf 81' lang='lat' dir='ltr'>Graeci.</span> <span class='ocrx_word' id='word_1_49' title='bbox 1782 1028 1904 1092; x_wconf 82' lang='lat' dir='ltr'>Illa</span> <span class='ocrx_word' id='word_1_50' title='bbox 1946 1027 2112 1090; x_wconf 89' lang='lat' dir='ltr'>enim</span> <span class='ocrx_word' id='word_1_51' title='bbox 2168 1035 2279 1090; x_wconf 80' lang='lat' dir='ltr'>aut</span> <span class='ocrx_word' id='word_1_52' title='bbox 2319 1048 2349 1089; x_wconf 77' lang='lat' dir='ltr'>s</span> <span class='ocrx_word' id='word_1_53' title='bbox 2401 1027 2465 1089; x_wconf 92' lang='lat' dir='ltr'>in</span> <span class='ocrx_word' id='word_1_54' title='bbox 2508 1027 2800 1110; x_wconf 87' lang='lat' dir='ltr'>spiritum</span> <span class='ocrx_word' id='word_1_55' title='bbox 2844 1049 2917 1092; x_wconf 82' lang='lat' dir='ltr'>a·-</span> 
     </span>
     <span class='ocr_line' id='line_1_7' title="bbox 407 1130 2919 1212; baseline 0 -21"><span class='ocrx_word' id='word_1_56' title='bbox 407 1147 656 1211; x_wconf 73' lang='lat' dir='ltr'>sperum</span> <span class='ocrx_word' id='word_1_57' title='bbox 704 1136 942 1191; x_wconf 80' lang='lat' dir='ltr'>mutato</span> <span class='ocrx_word' id='word_1_58' title='bbox 990 1137 1054 1190; x_wconf 85' lang='lat' dir='ltr'>et</span> <span class='ocrx_word' id='word_1_59' title='bbox 1097 1130 1298 1210; x_wconf 80' lang='lat' dir='ltr'>ejecto</span> <span class='ocrx_word' id='word_1_60' title='bbox 1343 1151 1412 1204; x_wconf 87' lang='lat' dir='ltr'>v,</span> <span class='ocrx_word' id='word_1_61' title='bbox 1455 1139 1570 1192; x_wconf 79' lang='lat' dir='ltr'>aut</span> <span class='ocrx_word' id='word_1_62' title='bbox 1611 1152 1640 1192; x_wconf 85' lang='lat' dir='ltr'>s</span> <span class='ocrx_word' id='word_1_63' title='bbox 1685 1131 1885 1212; x_wconf 85' lang='lat' dir='ltr'>ejecto</span> <span class='ocrx_word' id='word_1_64' title='bbox 1932 1137 1997 1190; x_wconf 86' lang='lat' dir='ltr'>et</span> <span class='ocrx_word' id='word_1_65' title='bbox 2037 1135 2282 1192; x_wconf 80' lang='lat' dir='ltr'>retento</span> <span class='ocrx_word' id='word_1_66' title='bbox 2326 1149 2361 1189; x_wconf 88' lang='lat' dir='ltr'><strong><em>v</em></strong></span> <span class='ocrx_word' id='word_1_67' title='bbox 2419 1135 2562 1192; x_wconf 80' lang='lat' dir='ltr'>orta</span> <span class='ocrx_word' id='word_1_68' title='bbox 2604 1137 2731 1206; x_wconf 82' lang='lat' dir='ltr'>est3</span> <span class='ocrx_word' id='word_1_69' title='bbox 2784 1131 2919 1194; x_wconf 83' lang='lat' dir='ltr'>haec</span> 
     </span>
     <span class='ocr_line' id='line_1_8' title="bbox 406 1228 2920 1315; baseline 0 -22"><span class='ocrx_word' id='word_1_70' title='bbox 406 1236 742 1311; x_wconf 80' lang='lat' dir='ltr'><strong>postquam</strong></span> <span class='ocrx_word' id='word_1_71' title='bbox 795 1249 830 1288; x_wconf 85' lang='lat' dir='ltr'><strong><em>v</em></strong></span> <span class='ocrx_word' id='word_1_72' title='bbox 881 1229 949 1292; x_wconf 90' lang='lat' dir='ltr'>in</span> <span class='ocrx_word' id='word_1_73' title='bbox 1006 1229 1318 1292; x_wconf 89' lang='lat' dir='ltr'>duriorem</span> <span class='ocrx_word' id='word_1_74' title='bbox 1371 1249 1591 1294; x_wconf 87' lang='lat' dir='ltr'>sonum</span> <span class='ocrx_word' id='word_1_75' title='bbox 1647 1252 1698 1315; x_wconf 81' lang='grc' dir='ltr'><em>φ</em></span> <span class='ocrx_word' id='word_1_76' title='bbox 1750 1229 2025 1293; x_wconf 83' lang='lat' dir='ltr'>transiit.</span> <span class='ocrx_word' id='word_1_77' title='bbox 2112 1230 2216 1292; x_wconf 83' lang='lat' dir='ltr'>Ita</span> <span class='ocrx_word' id='word_1_78' title='bbox 2262 1249 2339 1292; x_wconf 83' lang='lat' dir='ltr'>ex</span> <span class='ocrx_word' id='word_1_79' title='bbox 2382 1228 2495 1291; x_wconf 86' lang='lat' dir='ltr'>illa</span> <span class='ocrx_word' id='word_1_80' title='bbox 2539 1231 2920 1294; x_wconf 81' lang='lat' dir='ltr'>exstiterunt</span> 
     </span>
     <span class='ocr_line' id='line_1_9' title="bbox 413 1325 2917 1417; baseline 0.001 -24"><span class='ocrx_word' id='word_1_81' title='bbox 413 1328 753 1412; x_wconf 84' lang='lat' dir='ltr'>singularis</span> <span class='ocrx_word' id='word_1_82' title='bbox 799 1330 1038 1394; x_wconf 89' lang='lat' dir='ltr'>numeri</span> <span class='ocrx_word' id='word_1_83' title='bbox 1082 1332 1326 1406; x_wconf 73' lang='lat' dir='ltr'>formae,</span> <span class='ocrx_word' id='word_1_84' title='bbox 1371 1351 1510 1415; x_wconf 84' lang='lat' dir='ltr'>quae</span> <span class='ocrx_word' id='word_1_85' title='bbox 1553 1332 1793 1396; x_wconf 86' lang='lat' dir='ltr'>suntin</span> <span class='ocrx_word' id='word_1_86' title='bbox 1825 1328 2104 1413; x_wconf 83' lang='lat' dir='ltr'>genitivo</span> <span class='ocrx_word' id='word_1_87' title='bbox 2135 1349 2288 1394; x_wconf 84' lang='lat' dir='ltr'>casu</span> <span class='ocrx_word' id='word_1_88' title='bbox 2328 1331 2431 1406; x_wconf 64' lang='lat' dir='ltr'>so,</span> <span class='ocrx_word' id='word_1_89' title='bbox 2460 1325 2571 1406; x_wconf 78' lang='grc' dir='ltr'>οὗ,</span> <span class='ocrx_word' id='word_1_90' title='bbox 2595 1325 2699 1408; x_wconf 73' lang='grc' dir='ltr'>εὖ,</span> <span class='ocrx_word' id='word_1_91' title='bbox 2727 1326 2917 1417; x_wconf 64' lang='lat'>⁶50¹),</span> 
     </span>
     <span class='ocr_line' id='line_1_10' title="bbox 421 1425 2919 1518; baseline 0 -23"><span class='ocrx_word' id='word_1_92' title='bbox 421 1425 630 1515; x_wconf 58' lang='lat'>50⁶²),</span> <span class='ocrx_word' id='word_1_93' title='bbox 677 1425 819 1506; x_wconf 77' lang='grc' dir='ltr'>ἑοῦς</span> <span class='ocrx_word' id='word_1_94' title='bbox 834 1425 923 1516; x_wconf 74' lang='lat'>3),</span> <span class='ocrx_word' id='word_1_95' title='bbox 970 1425 1182 1518; x_wconf 71' lang='grc' dir='ltr'>οὖς4),</span> <span class='ocrx_word' id='word_1_96' title='bbox 1229 1435 1420 1509; x_wconf 70' lang='grc' dir='ltr'><strong><em>ὅθεν,</em></strong></span> <span class='ocrx_word' id='word_1_97' title='bbox 1465 1432 1720 1510; x_wconf 71' lang='grc' dir='ltr'><strong><em>Ρέθεν,</em></strong></span> <span class='ocrx_word' id='word_1_98' title='bbox 1766 1425 1983 1518; x_wconf 73' lang='grc' dir='ltr'>Ρίο5),</span> <span class='ocrx_word' id='word_1_99' title='bbox 2028 1431 2094 1494; x_wconf 82' lang='grc' dir='ltr'>ἰιι</span> <span class='ocrx_word' id='word_1_100' title='bbox 2138 1430 2357 1496; x_wconf 82' lang='lat' dir='ltr'>dativo</span> <span class='ocrx_word' id='word_1_101' title='bbox 2402 1429 2531 1510; x_wconf 71' lang='grc' dir='ltr'>ἑοῖ,</span> <span class='ocrx_word' id='word_1_102' title='bbox 2571 1430 2663 1509; x_wconf 76' lang='grc' dir='ltr'>οἵ,</span> <span class='ocrx_word' id='word_1_103' title='bbox 2692 1426 2883 1518; x_wconf 60' lang='lat' dir='ltr'>Forff)</span> <span class='ocrx_word' id='word_1_104' title='bbox 2894 1479 2919 1510; x_wconf 89' lang='lat'><em>,</em></span> 
     </span>
     <span class='ocr_line' id='line_1_11' title="bbox 417 1531 2925 1620; baseline 0 -23"><span class='ocrx_word' id='word_1_105' title='bbox 417 1535 485 1597; x_wconf 93' lang='lat' dir='ltr'>in</span> <span class='ocrx_word' id='word_1_106' title='bbox 551 1533 918 1597; x_wconf 81' lang='lat' dir='ltr'>accusativo</span> <span class='ocrx_word' id='word_1_107' title='bbox 985 1535 1042 1608; x_wconf 77' lang='grc' dir='ltr'>ἕ,</span> <span class='ocrx_word' id='word_1_108' title='bbox 1101 1531 1193 1610; x_wconf 76' lang='grc' dir='ltr'>ἑέ,</span> <span class='ocrx_word' id='word_1_109' title='bbox 1249 1535 1354 1600; x_wconf 49' lang='lat' dir='ltr'>Fr.</span> <span class='ocrx_word' id='word_1_110' title='bbox 1455 1535 1558 1600; x_wconf 83' lang='lat' dir='ltr'>Ex</span> <span class='ocrx_word' id='word_1_111' title='bbox 1608 1538 1729 1601; x_wconf 81' lang='lat' dir='ltr'>hac</span> <span class='ocrx_word' id='word_1_112' title='bbox 1786 1543 1995 1599; x_wconf 83' lang='lat' dir='ltr'>autem</span> <span class='ocrx_word' id='word_1_113' title='bbox 2053 1533 2235 1618; x_wconf 78' lang='grc' dir='ltr'><strong>(σφε,</strong></span> <span class='ocrx_word' id='word_1_114' title='bbox 2294 1537 2440 1620; x_wconf 84' lang='grc' dir='ltr'>σφι)</span> <span class='ocrx_word' id='word_1_115' title='bbox 2496 1543 2925 1618; x_wconf 84' lang='lat' dir='ltr'>provenerunt</span> 
     </span>
     <span class='ocr_line' id='line_1_12' title="bbox 419 1633 2919 1724; baseline 0.002 -26"><span class='ocrx_word' id='word_1_116' title='bbox 419 1635 624 1700; x_wconf 82' lang='lat' dir='ltr'>dualis</span> <span class='ocrx_word' id='word_1_117' title='bbox 677 1633 890 1698; x_wconf 83' lang='lat' dir='ltr'>formae</span> <span class='ocrx_word' id='word_1_118' title='bbox 935 1638 1180 1720; x_wconf 71' lang='grc' dir='ltr'><strong><em>σφωῒν,</em></strong></span> <span class='ocrx_word' id='word_1_119' title='bbox 1226 1638 1408 1723; x_wconf 82' lang='grc' dir='ltr'><strong><em>σφωέ</em></strong></span> <span class='ocrx_word' id='word_1_120' title='bbox 1457 1645 1522 1700; x_wconf 90' lang='lat' dir='ltr'>et</span> <span class='ocrx_word' id='word_1_121' title='bbox 1575 1637 1841 1721; x_wconf 83' lang='lat' dir='ltr'>pluralis</span> <span class='ocrx_word' id='word_1_122' title='bbox 1898 1643 2108 1720; x_wconf 74' lang='grc' dir='ltr'><strong><em>σφεῖς,</em></strong></span> <span class='ocrx_word' id='word_1_123' title='bbox 2155 1637 2357 1724; x_wconf 78' lang='grc' dir='ltr'><strong><em>σφέᾳ,</em></strong></span> <span class='ocrx_word' id='word_1_124' title='bbox 2402 1639 2649 1722; x_wconf 75' lang='grc' dir='ltr'><strong><em>σφέων,</em></strong></span> <span class='ocrx_word' id='word_1_125' title='bbox 2699 1639 2919 1724; x_wconf 70' lang='grc' dir='ltr'><strong><em>σφῶν,</em></strong></span> 
     </span>
     <span class='ocr_line' id='line_1_13' title="bbox 416 1733 2923 1826; baseline 0.002 -27"><span class='ocrx_word' id='word_1_126' title='bbox 416 1739 695 1821; x_wconf 76' lang='grc' dir='ltr'><strong><em>σφείων,</em></strong></span> <span class='ocrx_word' id='word_1_127' title='bbox 754 1739 1004 1822; x_wconf 78' lang='grc' dir='ltr'><strong><em>σφίσιν,</em></strong></span> <span class='ocrx_word' id='word_1_128' title='bbox 1060 1733 1318 1826; x_wconf 55' lang='grc' dir='ltr'>σφίνῗ),</span> <span class='ocrx_word' id='word_1_129' title='bbox 1376 1741 1528 1824; x_wconf 69' lang='grc' dir='ltr'><strong><em>σφε,</em></strong></span> <span class='ocrx_word' id='word_1_130' title='bbox 1585 1741 1821 1824; x_wconf 77' lang='grc' dir='ltr'><strong><em>σφέας,</em></strong></span> <span class='ocrx_word' id='word_1_131' title='bbox 1876 1739 2082 1824; x_wconf 78' lang='grc' dir='ltr'><strong><em>σφᾶς,</em></strong></span> <span class='ocrx_word' id='word_1_132' title='bbox 2140 1741 2401 1823; x_wconf 73' lang='grc' dir='ltr'><strong><em>σφείας,</em></strong></span> <span class='ocrx_word' id='word_1_133' title='bbox 2455 1741 2584 1824; x_wconf 80' lang='grc' dir='ltr'>σφέ</span> <span class='ocrx_word' id='word_1_134' title='bbox 2621 1750 2715 1816; x_wconf 85' lang='lat' dir='ltr'>et,</span> <span class='ocrx_word' id='word_1_135' title='bbox 2758 1760 2923 1823; x_wconf 82' lang='lat' dir='ltr'>prae-</span> 
     </span>
     <span class='ocr_line' id='line_1_14' title="bbox 421 1839 2923 1927; baseline 0.002 -25"><span class='ocrx_word' id='word_1_136' title='bbox 421 1840 618 1902; x_wconf 85' lang='lat' dir='ltr'>misso</span> <span class='ocrx_word' id='word_1_137' title='bbox 665 1859 740 1910; x_wconf 84' lang='grc' dir='ltr'>α,</span> <span class='ocrx_word' id='word_1_138' title='bbox 801 1839 1080 1905; x_wconf 83' lang='lat' dir='ltr'>Aeolicae</span> <span class='ocrx_word' id='word_1_139' title='bbox 1125 1840 1321 1927; x_wconf 76' lang='grc' dir='ltr'><strong><em>ἄσφι,</em></strong></span> <span class='ocrx_word' id='word_1_140' title='bbox 1369 1840 1572 1926; x_wconf 78' lang='grc' dir='ltr'><strong><em>ἄσφε,</em></strong></span> <span class='ocrx_word' id='word_1_141' title='bbox 1632 1841 2108 1906; x_wconf 78' lang='lat' dir='ltr'>consonantium</span> <span class='ocrx_word' id='word_1_142' title='bbox 2150 1841 2407 1906; x_wconf 89' lang='lat' dir='ltr'>sedibus</span> <span class='ocrx_word' id='word_1_143' title='bbox 2450 1843 2743 1918; x_wconf 83' lang='lat' dir='ltr'>mutatis,</span> <span class='ocrx_word' id='word_1_144' title='bbox 2786 1843 2923 1906; x_wconf 88' lang='lat' dir='ltr'>Do-</span> 
     </span>
     <span class='ocr_line' id='line_1_15' title="bbox 417 1933 2923 2028; baseline 0 -24"><span class='ocrx_word' id='word_1_145' title='bbox 417 1941 562 2004; x_wconf 82' lang='lat' dir='ltr'>ricae</span> <span class='ocrx_word' id='word_1_146' title='bbox 611 1941 768 2026; x_wconf 73' lang='grc' dir='ltr'>ψίν,</span> <span class='ocrx_word' id='word_1_147' title='bbox 814 1933 992 2028; x_wconf 63' lang='grc' dir='ltr'><strong>ψέὸ).</strong></span> <span class='ocrx_word' id='word_1_148' title='bbox 1079 1945 1234 2008; x_wconf 89' lang='lat' dir='ltr'>Tum</span> <span class='ocrx_word' id='word_1_149' title='bbox 1291 1964 1369 2007; x_wconf 83' lang='lat' dir='ltr'>ex</span> <span class='ocrx_word' id='word_1_150' title='bbox 1412 1944 1526 2006; x_wconf 81' lang='lat' dir='ltr'>illa</span> <span class='ocrx_word' id='word_1_151' title='bbox 1569 1944 1908 2006; x_wconf 81' lang='lat' dir='ltr'>formatum</span> <span class='ocrx_word' id='word_1_152' title='bbox 1953 1950 2051 2006; x_wconf 87' lang='lat' dir='ltr'>est</span> <span class='ocrx_word' id='word_1_153' title='bbox 2101 1943 2532 2023; x_wconf 81' lang='lat' dir='ltr'>possessivum</span> <span class='ocrx_word' id='word_1_154' title='bbox 2576 1962 2923 2027; x_wconf 83' lang='lat' dir='ltr'><strong>pronomen</strong></span> 
     </span>
     <span class='ocr_line' id='line_1_16' title="bbox 412 2039 2921 2131; baseline 0.001 -26"><span class='ocrx_word' id='word_1_155' title='bbox 412 2039 541 2117; x_wconf 78' lang='grc' dir='ltr'>ἑός,</span> <span class='ocrx_word' id='word_1_156' title='bbox 597 2040 699 2116; x_wconf 79' lang='grc' dir='ltr'>ὅς,</span> <span class='ocrx_word' id='word_1_157' title='bbox 759 2041 917 2118; x_wconf 58' lang='lat' dir='ltr'>Fac,</span> <span class='ocrx_word' id='word_1_158' title='bbox 981 2045 1056 2106; x_wconf 91' lang='lat' dir='ltr'>de</span> <span class='ocrx_word' id='word_1_159' title='bbox 1101 2065 1224 2109; x_wconf 92' lang='lat' dir='ltr'>uno</span> <span class='ocrx_word' id='word_1_160' title='bbox 1270 2063 1636 2129; x_wconf 77' lang='lat' dir='ltr'>possessore</span> <span class='ocrx_word' id='word_1_161' title='bbox 1680 2052 2082 2125; x_wconf 82' lang='lat' dir='ltr'>usurpatum,</span> <span class='ocrx_word' id='word_1_162' title='bbox 2140 2062 2217 2106; x_wconf 83' lang='lat' dir='ltr'>ex</span> <span class='ocrx_word' id='word_1_163' title='bbox 2274 2045 2395 2108; x_wconf 83' lang='lat' dir='ltr'>hac</span> <span class='ocrx_word' id='word_1_164' title='bbox 2446 2044 2669 2131; x_wconf 79' lang='grc' dir='ltr'><strong><em>σφεός,</em></strong></span> <span class='ocrx_word' id='word_1_165' title='bbox 2726 2042 2921 2130; x_wconf 80' lang='grc' dir='ltr'><strong><em>σφός,</em></strong></span> 
     </span>
     <span class='ocr_line' id='line_1_17' title="bbox 411 2146 2175 2230; baseline -0.001 -22"><span class='ocrx_word' id='word_1_166' title='bbox 411 2146 746 2230; x_wconf 73' lang='grc' dir='ltr'><strong><em>σφέεερος,</em></strong></span> <span class='ocrx_word' id='word_1_167' title='bbox 795 2165 932 2228; x_wconf 85' lang='lat' dir='ltr'>quae</span> <span class='ocrx_word' id='word_1_168' title='bbox 977 2146 1058 2208; x_wconf 83' lang='lat' dir='ltr'>ad</span> <span class='ocrx_word' id='word_1_169' title='bbox 1101 2147 1315 2228; x_wconf 89' lang='lat' dir='ltr'>plures</span> <span class='ocrx_word' id='word_1_170' title='bbox 1358 2165 1757 2228; x_wconf 87' lang='lat' dir='ltr'>possessores</span> <span class='ocrx_word' id='word_1_171' title='bbox 1802 2146 2175 2207; x_wconf 86' lang='lat' dir='ltr'>referuntur.</span> 
     </span>
    </p>
   </div>
   <div class='ocr_carea' id='block_1_3' title="bbox 414 2279 2926 2768">
    <p class='ocr_par' dir='ltr' id='par_1_3' title="bbox 414 2279 2926 2768">
     <span class='ocr_line' id='line_1_18' title="bbox 584 2279 2925 2364; baseline 0 -20"><span class='ocrx_word' id='word_1_172' title='bbox 584 2283 701 2344; x_wconf 85' lang='lat' dir='ltr'>Hae</span> <span class='ocrx_word' id='word_1_173' title='bbox 746 2281 992 2355; x_wconf 73' lang='lat' dir='ltr'>formae,</span> <span class='ocrx_word' id='word_1_174' title='bbox 1048 2300 1203 2363; x_wconf 81' lang='lat' dir='ltr'>quas</span> <span class='ocrx_word' id='word_1_175' title='bbox 1247 2300 1474 2362; x_wconf 83' lang='lat' dir='ltr'>magna</span> <span class='ocrx_word' id='word_1_176' title='bbox 1519 2299 1598 2342; x_wconf 82' lang='lat' dir='ltr'>ex</span> <span class='ocrx_word' id='word_1_177' title='bbox 1639 2286 1825 2361; x_wconf 84' lang='lat' dir='ltr'>parte</span> <span class='ocrx_word' id='word_1_178' title='bbox 1869 2279 2279 2342; x_wconf 82' lang='lat' dir='ltr'>dialectorum</span> <span class='ocrx_word' id='word_1_179' title='bbox 2328 2289 2391 2343; x_wconf 88' lang='lat' dir='ltr'>et</span> <span class='ocrx_word' id='word_1_180' title='bbox 2431 2289 2779 2364; x_wconf 85' lang='lat' dir='ltr'>temporum</span> <span class='ocrx_word' id='word_1_181' title='bbox 2824 2281 2925 2344; x_wconf 91' lang='lat' dir='ltr'>di-</span> 
     </span>
     <span class='ocr_line' id='line_1_19' title="bbox 414 2381 2923 2465; baseline 0.001 -21"><span class='ocrx_word' id='word_1_182' title='bbox 414 2381 707 2445; x_wconf 77' lang='lat' dir='ltr'>versitati</span> <span class='ocrx_word' id='word_1_183' title='bbox 757 2382 1125 2445; x_wconf 83' lang='lat' dir='ltr'>tribuendas</span> <span class='ocrx_word' id='word_1_184' title='bbox 1182 2401 1318 2445; x_wconf 89' lang='lat' dir='ltr'>esse</span> <span class='ocrx_word' id='word_1_185' title='bbox 1374 2381 1559 2444; x_wconf 83' lang='lat' dir='ltr'>facile</span> <span class='ocrx_word' id='word_1_186' title='bbox 1604 2387 1903 2463; x_wconf 81' lang='lat' dir='ltr'>apparet,</span> <span class='ocrx_word' id='word_1_187' title='bbox 1957 2398 2035 2442; x_wconf 85' lang='lat' dir='ltr'>ex</span> <span class='ocrx_word' id='word_1_188' title='bbox 2078 2381 2347 2465; x_wconf 79' lang='lat' dir='ltr'>antiqua</span> <span class='ocrx_word' id='word_1_189' title='bbox 2388 2382 2501 2446; x_wconf 84' lang='lat' dir='ltr'>illa</span> <span class='ocrx_word' id='word_1_190' title='bbox 2543 2383 2756 2446; x_wconf 79' lang='lat' dir='ltr'>radice</span> <span class='ocrx_word' id='word_1_191' title='bbox 2798 2401 2923 2446; x_wconf 91' lang='lat' dir='ltr'>non</span> 
     </span>
     <span class='ocr_line' id='line_1_20' title="bbox 419 2480 2925 2565; baseline 0 -19"><span class='ocrx_word' id='word_1_192' title='bbox 419 2490 769 2565; x_wconf 85' lang='lat' dir='ltr'>potuerunt</span> <span class='ocrx_word' id='word_1_193' title='bbox 810 2483 979 2564; x_wconf 85' lang='lat' dir='ltr'><strong>gigni</strong></span> <span class='ocrx_word' id='word_1_194' title='bbox 1023 2481 1145 2545; x_wconf 89' lang='lat' dir='ltr'>nisi</span> <span class='ocrx_word' id='word_1_195' title='bbox 1189 2483 1317 2558; x_wconf 78' lang='lat' dir='ltr'>ita,</span> <span class='ocrx_word' id='word_1_196' title='bbox 1360 2489 1432 2545; x_wconf 84' lang='lat' dir='ltr'>ut</span> <span class='ocrx_word' id='word_1_197' title='bbox 1475 2482 1662 2545; x_wconf 90' lang='lat' dir='ltr'>simul</span> <span class='ocrx_word' id='word_1_198' title='bbox 1704 2481 1951 2545; x_wconf 80' lang='lat' dir='ltr'>infinita</span> <span class='ocrx_word' id='word_1_199' title='bbox 1996 2480 2133 2563; x_wconf 89' lang='lat' dir='ltr'>ejus</span> <span class='ocrx_word' id='word_1_200' title='bbox 2162 2481 2541 2564; x_wconf 80' lang='lat' dir='ltr'>significatio</span> <span class='ocrx_word' id='word_1_201' title='bbox 2574 2483 2925 2565; x_wconf 85' lang='lat' dir='ltr'>distingue-</span> 
     </span>
     <span class='ocr_line' id='line_1_21' title="bbox 416 2581 2924 2656; baseline 0 -9"><span class='ocrx_word' id='word_1_202' title='bbox 416 2591 592 2648; x_wconf 80' lang='lat' dir='ltr'>retur</span> <span class='ocrx_word' id='word_1_203' title='bbox 636 2592 700 2647; x_wconf 85' lang='lat' dir='ltr'>et</span> <span class='ocrx_word' id='word_1_204' title='bbox 743 2584 1127 2647; x_wconf 87' lang='lat' dir='ltr'>definiretur.</span> <span class='ocrx_word' id='word_1_205' title='bbox 1195 2583 1384 2656; x_wconf 78' lang='lat' dir='ltr'>Quod</span> <span class='ocrx_word' id='word_1_206' title='bbox 1427 2583 1634 2645; x_wconf 86' lang='lat' dir='ltr'>tribus</span> <span class='ocrx_word' id='word_1_207' title='bbox 1678 2582 1882 2646; x_wconf 91' lang='lat' dir='ltr'>modis</span> <span class='ocrx_word' id='word_1_208' title='bbox 1914 2602 1955 2644; x_wconf 80' lang='lat' dir='ltr'>a</span> <span class='ocrx_word' id='word_1_209' title='bbox 1984 2581 2225 2646; x_wconf 72' lang='lat' dir='ltr'>Graecis</span> <span class='ocrx_word' id='word_1_210' title='bbox 2256 2585 2544 2647; x_wconf 83' lang='lat' dir='ltr'>effectum</span> <span class='ocrx_word' id='word_1_211' title='bbox 2576 2591 2692 2648; x_wconf 88' lang='lat' dir='ltr'>est.</span> <span class='ocrx_word' id='word_1_212' title='bbox 2755 2585 2924 2648; x_wconf 81' lang='lat' dir='ltr'>Nam</span> 
     </span>
     <span class='ocr_line' id='line_1_22' title="bbox 425 2682 2926 2768; baseline 0 -20"><span class='ocrx_word' id='word_1_213' title='bbox 425 2694 490 2748; x_wconf 79' lang='lat' dir='ltr'>et</span> <span class='ocrx_word' id='word_1_214' title='bbox 545 2687 666 2750; x_wconf 87' lang='lat' dir='ltr'>soli</span> <span class='ocrx_word' id='word_1_215' title='bbox 723 2685 930 2749; x_wconf 83' lang='lat' dir='ltr'>tertiae</span> <span class='ocrx_word' id='word_1_216' title='bbox 985 2705 1272 2768; x_wconf 80' lang='lat' dir='ltr'>personae</span> <span class='ocrx_word' id='word_1_217' title='bbox 1325 2687 1445 2749; x_wconf 90' lang='lat' dir='ltr'>hoc</span> <span class='ocrx_word' id='word_1_218' title='bbox 1499 2704 1842 2767; x_wconf 87' lang='lat' dir='ltr'>pronomen</span> <span class='ocrx_word' id='word_1_219' title='bbox 1896 2682 2311 2765; x_wconf 79' lang='lat' dir='ltr'>assignabant</span> <span class='ocrx_word' id='word_1_220' title='bbox 2364 2695 2429 2748; x_wconf 86' lang='lat' dir='ltr'>et</span> <span class='ocrx_word' id='word_1_221' title='bbox 2481 2704 2738 2751; x_wconf 80' lang='lat' dir='ltr'>casuum</span> <span class='ocrx_word' id='word_1_222' title='bbox 2791 2694 2926 2749; x_wconf 89' lang='lat' dir='ltr'>ter-</span> 
     </span>
    </p>
   </div>
   <div class='ocr_carea' id='block_1_4' title="bbox 411 2814 806 2827">
    <p class='ocr_par' dir='ltr' id='par_1_4' title="bbox 411 2814 806 2827">
     <span class='ocr_line' id='line_1_23' title="bbox 411 2814 806 2827; baseline 0 2499"><span class='ocrx_word' id='word_1_223' title='bbox 411 2814 806 2827; x_wconf 95' lang='lat' dir='ltr'> </span> 
     </span>
    </p>
   </div>
   <div class='ocr_carea' id='block_1_5' title="bbox 414 2822 2925 3017">
    <p class='ocr_par' dir='ltr' id='par_1_5' title="bbox 414 2822 2925 3017">
     <span class='ocr_line' id='line_1_24' title="bbox 561 2822 2925 2933; baseline -0.001 -16"><span class='ocrx_word' id='word_1_224' title='bbox 561 2866 597 2928; x_wconf 88' lang='lat'>¹)</span> <span class='ocrx_word' id='word_1_225' title='bbox 633 2864 768 2927; x_wconf 73' lang='grc' dir='ltr'>ἑοῖο,</span> <span class='ocrx_word' id='word_1_226' title='bbox 807 2822 940 2931; x_wconf 78' lang='lat' dir='ltr'>quod</span> <span class='ocrx_word' id='word_1_227' title='bbox 975 2867 1038 2917; x_wconf 76' lang='lat' dir='ltr'>sb</span> <span class='ocrx_word' id='word_1_228' title='bbox 1072 2866 1339 2931; x_wconf 82' lang='lat' dir='ltr'>Apollonio</span> <span class='ocrx_word' id='word_1_229' title='bbox 1375 2864 1573 2917; x_wconf 82' lang='lat' dir='ltr'>Rhodio</span> <span class='ocrx_word' id='word_1_230' title='bbox 1609 2870 1887 2932; x_wconf 85' lang='lat' dir='ltr'>usurpatur</span> <span class='ocrx_word' id='word_1_231' title='bbox 1922 2865 2051 2926; x_wconf 84' lang='lat' dir='ltr'>(vide</span> <span class='ocrx_word' id='word_1_232' title='bbox 2087 2862 2336 2919; x_wconf 71' lang='lat' dir='ltr'>Gerhardi</span> <span class='ocrx_word' id='word_1_233' title='bbox 2371 2866 2639 2919; x_wconf 75' lang='lat' dir='ltr'>Lectiones</span> <span class='ocrx_word' id='word_1_234' title='bbox 2673 2867 2841 2933; x_wconf 82' lang='lat' dir='ltr'>Apoll.</span> <span class='ocrx_word' id='word_1_235' title='bbox 2875 2880 2925 2932; x_wconf 87' lang='lat' dir='ltr'>p.</span> 
     </span>
     <span class='ocr_line' id='line_1_25' title="bbox 414 2948 2038 3017; baseline -0.002 -14"><span class='ocrx_word' id='word_1_236' title='bbox 414 2948 502 3012; x_wconf 80' lang='lat'>93)</span> <span class='ocrx_word' id='word_1_237' title='bbox 535 2952 752 3003; x_wconf 78' lang='lat' dir='ltr'>fortasse</span> <span class='ocrx_word' id='word_1_238' title='bbox 787 2952 917 3002; x_wconf 89' lang='lat' dir='ltr'><strong>nihil</strong></span> <span class='ocrx_word' id='word_1_239' title='bbox 951 2952 1054 3002; x_wconf 89' lang='lat' dir='ltr'>nisi</span> <span class='ocrx_word' id='word_1_240' title='bbox 1087 2952 1532 3017; x_wconf 77' lang='lat' dir='ltr'>grammaticorum</span> <span class='ocrx_word' id='word_1_241' title='bbox 1567 2959 1909 3003; x_wconf 86' lang='lat' dir='ltr'>commentum</span> <span class='ocrx_word' id='word_1_242' title='bbox 1946 2955 2038 3001; x_wconf 87' lang='lat' dir='ltr'>est.</span> 
     </span>
    </p>
   </div>
   <div class='ocr_carea' id='block_1_6' title="bbox 417 3035 2935 4559">
    <p class='ocr_par' dir='ltr' id='par_1_6' title="bbox 554 3035 1536 3105">
     <span class='ocr_line' id='line_1_26' title="bbox 554 3035 1536 3105; baseline 0.004 -19"><span class='ocrx_word' id='word_1_243' title='bbox 554 3035 596 3101; x_wconf 83' lang='lat'>²)</span> <span class='ocrx_word' id='word_1_244' title='bbox 632 3036 769 3088; x_wconf 82' lang='lat' dir='ltr'>Vide</span> <span class='ocrx_word' id='word_1_245' title='bbox 805 3038 1036 3105; x_wconf 85' lang='lat' dir='ltr'>Apellen.</span> <span class='ocrx_word' id='word_1_246' title='bbox 1074 3039 1136 3089; x_wconf 89' lang='lat' dir='ltr'>de</span> <span class='ocrx_word' id='word_1_247' title='bbox 1171 3038 1323 3089; x_wconf 84' lang='lat' dir='ltr'>Pron.</span> <span class='ocrx_word' id='word_1_248' title='bbox 1364 3053 1413 3102; x_wconf 87' lang='lat' dir='ltr'>p.</span> <span class='ocrx_word' id='word_1_249' title='bbox 1449 3035 1536 3090; x_wconf 82' lang='lat'>98.</span> 
     </span>
    </p>

    <p class='ocr_par' dir='ltr' id='par_1_7' title="bbox 417 3119 2929 3276">
     <span class='ocr_line' id='line_1_27' title="bbox 557 3119 2929 3192; baseline 0.001 -19"><span class='ocrx_word' id='word_1_250' title='bbox 557 3119 603 3190; x_wconf 80' lang='lat'>³)</span> <span class='ocrx_word' id='word_1_251' title='bbox 634 3122 790 3175; x_wconf 88' lang='lat' dir='ltr'>Hunc</span> <span class='ocrx_word' id='word_1_252' title='bbox 835 3123 1115 3190; x_wconf 77' lang='lat' dir='ltr'>genitivum</span> <span class='ocrx_word' id='word_1_253' title='bbox 1161 3139 1192 3173; x_wconf 89' lang='lat' dir='ltr'>a</span> <span class='ocrx_word' id='word_1_254' title='bbox 1237 3122 1458 3176; x_wconf 84' lang='lat' dir='ltr'>Corinna</span> <span class='ocrx_word' id='word_1_255' title='bbox 1502 3122 1662 3173; x_wconf 82' lang='lat' dir='ltr'>fuisse</span> <span class='ocrx_word' id='word_1_256' title='bbox 1705 3127 2006 3187; x_wconf 84' lang='lat' dir='ltr'>usurpatum</span> <span class='ocrx_word' id='word_1_257' title='bbox 2055 3128 2229 3175; x_wconf 88' lang='lat' dir='ltr'>auctor</span> <span class='ocrx_word' id='word_1_258' title='bbox 2263 3132 2345 3177; x_wconf 85' lang='lat' dir='ltr'>est</span> <span class='ocrx_word' id='word_1_259' title='bbox 2380 3126 2615 3192; x_wconf 82' lang='lat' dir='ltr'>Apollon.</span> <span class='ocrx_word' id='word_1_260' title='bbox 2652 3126 2687 3176; x_wconf 94' lang='lat' dir='ltr'>l.</span> <span class='ocrx_word' id='word_1_261' title='bbox 2725 3139 2768 3177; x_wconf 89' lang='lat' dir='ltr'>c.</span> <span class='ocrx_word' id='word_1_262' title='bbox 2840 3123 2929 3175; x_wconf 76' lang='lat' dir='ltr'>Gfr</span> 
     </span>
     <span class='ocr_line' id='line_1_28' title="bbox 417 3206 1741 3276; baseline -0.002 -19"><span class='ocrx_word' id='word_1_263' title='bbox 417 3208 618 3261; x_wconf 84' lang='lat' dir='ltr'>Ahrens</span> <span class='ocrx_word' id='word_1_264' title='bbox 653 3208 792 3260; x_wconf 79' lang='lat' dir='ltr'>Disl.</span> <span class='ocrx_word' id='word_1_265' title='bbox 817 3208 946 3261; x_wconf 84' lang='lat' dir='ltr'>AEol.</span> <span class='ocrx_word' id='word_1_266' title='bbox 983 3226 1031 3276; x_wconf 89' lang='lat' dir='ltr'>p.</span> <span class='ocrx_word' id='word_1_267' title='bbox 1059 3206 1189 3269; x_wconf 85' lang='grc'>169,</span> <span class='ocrx_word' id='word_1_268' title='bbox 1225 3208 1356 3261; x_wconf 84' lang='lat' dir='ltr'>Dial.</span> <span class='ocrx_word' id='word_1_269' title='bbox 1393 3207 1514 3259; x_wconf 89' lang='lat' dir='ltr'>Dor.</span> <span class='ocrx_word' id='word_1_270' title='bbox 1551 3222 1598 3273; x_wconf 88' lang='lat' dir='ltr'>p.</span> <span class='ocrx_word' id='word_1_271' title='bbox 1626 3207 1741 3258; x_wconf 86' lang='lat'>250.</span> 
     </span>
    </p>

    <p class='ocr_par' dir='ltr' id='par_1_8' title="bbox 555 3294 2857 3363">
     <span class='ocr_line' id='line_1_29' title="bbox 555 3294 2857 3363; baseline -0 -18"><span class='ocrx_word' id='word_1_272' title='bbox 555 3294 594 3357; x_wconf 80' lang='lat'>⁴)</span> <span class='ocrx_word' id='word_1_273' title='bbox 629 3296 801 3358; x_wconf 86' lang='lat' dir='ltr'>Hujus</span> <span class='ocrx_word' id='word_1_274' title='bbox 837 3295 1009 3347; x_wconf 78' lang='lat' dir='ltr'>formae</span> <span class='ocrx_word' id='word_1_275' title='bbox 1045 3294 1364 3347; x_wconf 86' lang='lat' dir='ltr'>Priscianum</span> <span class='ocrx_word' id='word_1_276' title='bbox 1400 3294 1563 3345; x_wconf 89' lang='lat' dir='ltr'>solum</span> <span class='ocrx_word' id='word_1_277' title='bbox 1599 3298 1856 3345; x_wconf 81' lang='lat' dir='ltr'>auctorem</span> <span class='ocrx_word' id='word_1_278' title='bbox 1894 3294 2049 3346; x_wconf 82' lang='lat' dir='ltr'>habet</span> <span class='ocrx_word' id='word_1_279' title='bbox 2085 3296 2288 3348; x_wconf 81' lang='lat' dir='ltr'>Ahrens</span> <span class='ocrx_word' id='word_1_280' title='bbox 2322 3296 2460 3348; x_wconf 86' lang='lat' dir='ltr'>Dial.</span> <span class='ocrx_word' id='word_1_281' title='bbox 2496 3297 2618 3348; x_wconf 89' lang='lat' dir='ltr'>Dor.</span> <span class='ocrx_word' id='word_1_282' title='bbox 2654 3312 2701 3363; x_wconf 88' lang='lat' dir='ltr'>p.</span> <span class='ocrx_word' id='word_1_283' title='bbox 2739 3294 2857 3347; x_wconf 83' lang='lat'>249.</span> 
     </span>
    </p>

    <p class='ocr_par' dir='ltr' id='par_1_9' title="bbox 557 3378 2926 3445">
     <span class='ocr_line' id='line_1_30' title="bbox 557 3378 2926 3445; baseline -0 -15"><span class='ocrx_word' id='word_1_284' title='bbox 557 3378 600 3444; x_wconf 78' lang='lat'>³)</span> <span class='ocrx_word' id='word_1_285' title='bbox 637 3379 1024 3430; x_wconf 87' lang='lat' dir='ltr'>Tarentinorum</span> <span class='ocrx_word' id='word_1_286' title='bbox 1059 3379 1155 3430; x_wconf 90' lang='lat' dir='ltr'>hoc</span> <span class='ocrx_word' id='word_1_287' title='bbox 1191 3394 1300 3430; x_wconf 88' lang='lat' dir='ltr'>esse</span> <span class='ocrx_word' id='word_1_288' title='bbox 1335 3385 1482 3445; x_wconf 82' lang='lat' dir='ltr'>putat</span> <span class='ocrx_word' id='word_1_289' title='bbox 1517 3380 1721 3430; x_wconf 82' lang='lat' dir='ltr'>Ahrens</span> <span class='ocrx_word' id='word_1_290' title='bbox 1747 3378 1881 3430; x_wconf 85' lang='lat' dir='ltr'>Dial.</span> <span class='ocrx_word' id='word_1_291' title='bbox 1909 3380 2030 3431; x_wconf 92' lang='lat' dir='ltr'>Dor.</span> <span class='ocrx_word' id='word_1_292' title='bbox 2066 3395 2113 3444; x_wconf 90' lang='lat' dir='ltr'>p.</span> <span class='ocrx_word' id='word_1_293' title='bbox 2142 3378 2256 3433; x_wconf 83' lang='lat'>169.</span> <span class='ocrx_word' id='word_1_294' title='bbox 2296 3380 2383 3431; x_wconf 81' lang='lat' dir='ltr'>Cfr</span> <span class='ocrx_word' id='word_1_295' title='bbox 2406 3382 2543 3432; x_wconf 89' lang='lat' dir='ltr'>Dial.</span> <span class='ocrx_word' id='word_1_296' title='bbox 2568 3379 2699 3432; x_wconf 83' lang='lat' dir='ltr'>AEol.</span> <span class='ocrx_word' id='word_1_297' title='bbox 2736 3396 2783 3445; x_wconf 88' lang='lat' dir='ltr'>p.</span> <span class='ocrx_word' id='word_1_298' title='bbox 2810 3379 2926 3433; x_wconf 85' lang='grc'>171.</span> 
     </span>
    </p>

    <p class='ocr_par' dir='ltr' id='par_1_10' title="bbox 417 3460 2935 4215">
     <span class='ocr_line' id='line_1_31' title="bbox 558 3460 2926 3531; baseline -0.002 -13"><span class='ocrx_word' id='word_1_299' title='bbox 558 3463 600 3531; x_wconf 80' lang='lat'>⁶)</span> <span class='ocrx_word' id='word_1_300' title='bbox 635 3466 856 3518; x_wconf 80' lang='lat' dir='ltr'>Boeotos</span> <span class='ocrx_word' id='word_1_301' title='bbox 893 3460 972 3515; x_wconf 58' lang='lat' dir='ltr'>F&amp;</span> <span class='ocrx_word' id='word_1_302' title='bbox 1016 3466 1206 3516; x_wconf 84' lang='lat' dir='ltr'>dixisse</span> <span class='ocrx_word' id='word_1_303' title='bbox 1252 3479 1314 3515; x_wconf 84' lang='lat' dir='ltr'>ex</span> <span class='ocrx_word' id='word_1_304' title='bbox 1348 3464 1581 3529; x_wconf 84' lang='lat' dir='ltr'>Apellen.</span> <span class='ocrx_word' id='word_1_305' title='bbox 1620 3464 1682 3515; x_wconf 88' lang='lat' dir='ltr'>de</span> <span class='ocrx_word' id='word_1_306' title='bbox 1717 3465 1871 3516; x_wconf 87' lang='lat' dir='ltr'>Pron.</span> <span class='ocrx_word' id='word_1_307' title='bbox 1908 3480 1957 3529; x_wconf 89' lang='lat' dir='ltr'>p.</span> <span class='ocrx_word' id='word_1_308' title='bbox 1998 3462 2095 3517; x_wconf 88' lang='grc'>106</span> <span class='ocrx_word' id='word_1_309' title='bbox 2144 3468 2347 3529; x_wconf 82' lang='lat' dir='ltr'>conjicit</span> <span class='ocrx_word' id='word_1_310' title='bbox 2380 3467 2585 3519; x_wconf 87' lang='lat' dir='ltr'>Ahrens</span> <span class='ocrx_word' id='word_1_311' title='bbox 2622 3468 2757 3518; x_wconf 89' lang='lat' dir='ltr'>Dial.</span> <span class='ocrx_word' id='word_1_312' title='bbox 2794 3465 2926 3518; x_wconf 77' lang='lat' dir='ltr'>AEol.</span> 
     </span>
     <span class='ocr_line' id='line_1_32' title="bbox 417 3541 2925 3617; baseline 0 -15"><span class='ocrx_word' id='word_1_313' title='bbox 417 3566 466 3617; x_wconf 91' lang='lat' dir='ltr'>p.</span> <span class='ocrx_word' id='word_1_314' title='bbox 511 3549 604 3604; x_wconf 84' lang='lat'>191</span> <span class='ocrx_word' id='word_1_315' title='bbox 644 3559 750 3603; x_wconf 84' lang='lat' dir='ltr'>not.</span> <span class='ocrx_word' id='word_1_316' title='bbox 785 3550 870 3614; x_wconf 89' lang='grc'>6),</span> <span class='ocrx_word' id='word_1_317' title='bbox 918 3541 951 3602; x_wconf 71' lang='grc' dir='ltr'>ὗ</span> <span class='ocrx_word' id='word_1_318' title='bbox 987 3549 1253 3602; x_wconf 79' lang='lat' dir='ltr'>Bekkerus</span> <span class='ocrx_word' id='word_1_319' title='bbox 1287 3550 1342 3599; x_wconf 91' lang='lat' dir='ltr'>in</span> <span class='ocrx_word' id='word_1_320' title='bbox 1376 3549 1679 3600; x_wconf 88' lang='lat' dir='ltr'>lectionibus</span> <span class='ocrx_word' id='word_1_321' title='bbox 1713 3550 1841 3601; x_wconf 89' lang='lat' dir='ltr'>libro</span> <span class='ocrx_word' id='word_1_322' title='bbox 1877 3550 2132 3617; x_wconf 82' lang='lat' dir='ltr'>Apollonii</span> <span class='ocrx_word' id='word_1_323' title='bbox 2176 3553 2239 3603; x_wconf 88' lang='lat' dir='ltr'>de</span> <span class='ocrx_word' id='word_1_324' title='bbox 2271 3552 2421 3603; x_wconf 85' lang='lat' dir='ltr'>Pron.</span> <span class='ocrx_word' id='word_1_325' title='bbox 2459 3552 2712 3616; x_wconf 85' lang='lat' dir='ltr'>subjectis.</span> <span class='ocrx_word' id='word_1_326' title='bbox 2782 3550 2925 3602; x_wconf 86' lang='lat' dir='ltr'>Dati-</span> 
     </span>
     <span class='ocr_line' id='line_1_33' title="bbox 418 3634 2928 3703; baseline -0 -17"><span class='ocrx_word' id='word_1_327' title='bbox 418 3638 494 3687; x_wconf 80' lang='lat' dir='ltr'>vis</span> <span class='ocrx_word' id='word_1_328' title='bbox 541 3635 596 3689; x_wconf 66' lang='lat' dir='ltr'>lv</span> <span class='ocrx_word' id='word_1_329' title='bbox 639 3637 948 3695; x_wconf 81' lang='lat' dir='ltr'>Hesiodum,</span> <span class='ocrx_word' id='word_1_330' title='bbox 1001 3634 1082 3689; x_wconf 71' lang='grc' dir='ltr'>ἐΐν</span> <span class='ocrx_word' id='word_1_331' title='bbox 1125 3635 1396 3686; x_wconf 84' lang='lat' dir='ltr'>Corinnam</span> <span class='ocrx_word' id='word_1_332' title='bbox 1443 3641 1494 3685; x_wconf 85' lang='lat' dir='ltr'>et</span> <span class='ocrx_word' id='word_1_333' title='bbox 1541 3634 1908 3687; x_wconf 74' lang='lat' dir='ltr'><strong>Antimachum</strong></span> <span class='ocrx_word' id='word_1_334' title='bbox 1952 3651 2071 3687; x_wconf 85' lang='lat' dir='ltr'>usos</span> <span class='ocrx_word' id='word_1_335' title='bbox 2117 3650 2227 3687; x_wconf 88' lang='lat' dir='ltr'>esse</span> <span class='ocrx_word' id='word_1_336' title='bbox 2270 3643 2492 3687; x_wconf 82' lang='lat' dir='ltr'>testatur</span> <span class='ocrx_word' id='word_1_337' title='bbox 2539 3638 2775 3703; x_wconf 82' lang='lat' dir='ltr'>Apollon.</span> <span class='ocrx_word' id='word_1_338' title='bbox 2813 3635 2848 3689; x_wconf 87' lang='lat'>1.</span> <span class='ocrx_word' id='word_1_339' title='bbox 2884 3652 2928 3688; x_wconf 89' lang='lat' dir='ltr'>c.</span> 
     </span>
     <span class='ocr_line' id='line_1_34' title="bbox 419 3720 2927 3789; baseline 0.001 -18"><span class='ocrx_word' id='word_1_340' title='bbox 419 3720 578 3772; x_wconf 86' lang='lat' dir='ltr'>Illam</span> <span class='ocrx_word' id='word_1_341' title='bbox 626 3723 840 3773; x_wconf 79' lang='lat' dir='ltr'>formam</span> <span class='ocrx_word' id='word_1_342' title='bbox 859 3759 870 3781; x_wconf 89' lang='lat'>‚</span> <span class='ocrx_word' id='word_1_343' title='bbox 917 3736 1070 3789; x_wconf 81' lang='lat' dir='ltr'>quam</span> <span class='ocrx_word' id='word_1_344' title='bbox 1117 3736 1180 3771; x_wconf 81' lang='lat' dir='ltr'>ex</span> <span class='ocrx_word' id='word_1_345' title='bbox 1214 3721 1499 3772; x_wconf 80' lang='lat' dir='ltr'>Hermanni</span> <span class='ocrx_word' id='word_1_346' title='bbox 1535 3725 1822 3785; x_wconf 75' lang='lat' dir='ltr'>conjectura</span> <span class='ocrx_word' id='word_1_347' title='bbox 1854 3722 2091 3773; x_wconf 87' lang='lat' dir='ltr'>nonnulli</span> <span class='ocrx_word' id='word_1_348' title='bbox 2136 3723 2191 3773; x_wconf 89' lang='lat' dir='ltr'>in</span> <span class='ocrx_word' id='word_1_349' title='bbox 2225 3722 2435 3773; x_wconf 88' lang='lat' dir='ltr'>Pindari</span> <span class='ocrx_word' id='word_1_350' title='bbox 2470 3722 2695 3773; x_wconf 85' lang='lat' dir='ltr'>carmina</span> <span class='ocrx_word' id='word_1_351' title='bbox 2740 3722 2927 3773; x_wconf 84' lang='lat' dir='ltr'>intule-</span> 
     </span>
     <span class='ocr_line' id='line_1_35' title="bbox 421 3805 2931 3873; baseline -0 -16"><span class='ocrx_word' id='word_1_352' title='bbox 421 3813 543 3857; x_wconf 87' lang='lat' dir='ltr'>runt</span> <span class='ocrx_word' id='word_1_353' title='bbox 593 3806 723 3867; x_wconf 80' lang='lat' dir='ltr'>(vide</span> <span class='ocrx_word' id='word_1_354' title='bbox 771 3808 974 3859; x_wconf 84' lang='lat' dir='ltr'>Ahrens</span> <span class='ocrx_word' id='word_1_355' title='bbox 1020 3807 1156 3858; x_wconf 86' lang='lat' dir='ltr'>Dial.</span> <span class='ocrx_word' id='word_1_356' title='bbox 1197 3807 1316 3857; x_wconf 91' lang='lat' dir='ltr'>Dor.</span> <span class='ocrx_word' id='word_1_357' title='bbox 1351 3822 1401 3870; x_wconf 89' lang='lat' dir='ltr'>p.</span> <span class='ocrx_word' id='word_1_358' title='bbox 1441 3806 1565 3864; x_wconf 84' lang='lat'>252,</span> <span class='ocrx_word' id='word_1_359' title='bbox 1632 3806 1941 3859; x_wconf 83' lang='lat' dir='ltr'>Buttmanni</span> <span class='ocrx_word' id='word_1_360' title='bbox 1988 3807 2161 3859; x_wconf 82' lang='lat' dir='ltr'>Gram.</span> <span class='ocrx_word' id='word_1_361' title='bbox 2199 3806 2323 3871; x_wconf 74' lang='lat' dir='ltr'>MaJ.</span> <span class='ocrx_word' id='word_1_362' title='bbox 2372 3822 2421 3873; x_wconf 90' lang='lat' dir='ltr'>p.</span> <span class='ocrx_word' id='word_1_363' title='bbox 2458 3806 2606 3869; x_wconf 83' lang='lat'>289).</span> <span class='ocrx_word' id='word_1_364' title='bbox 2662 3823 2695 3857; x_wconf 83' lang='lat' dir='ltr'>a</span> <span class='ocrx_word' id='word_1_365' title='bbox 2729 3805 2931 3871; x_wconf 86' lang='lat' dir='ltr'>Cypriis</span> 
     </span>
     <span class='ocr_line' id='line_1_36' title="bbox 422 3888 2929 3958; baseline 0.001 -17"><span class='ocrx_word' id='word_1_366' title='bbox 422 3905 513 3956; x_wconf 90' lang='lat' dir='ltr'>pro</span> <span class='ocrx_word' id='word_1_367' title='bbox 549 3888 740 3954; x_wconf 68' lang='grc' dir='ltr'>αἰετόν,</span> <span class='ocrx_word' id='word_1_368' title='bbox 778 3888 947 3957; x_wconf 69' lang='grc' dir='ltr'><em>αὐτήν</em></span> <span class='ocrx_word' id='word_1_369' title='bbox 990 3898 1289 3958; x_wconf 73' lang='lat' dir='ltr'>usurpatam</span> <span class='ocrx_word' id='word_1_370' title='bbox 1333 3906 1446 3943; x_wconf 88' lang='lat' dir='ltr'>esse</span> <span class='ocrx_word' id='word_1_371' title='bbox 1493 3893 1615 3943; x_wconf 83' lang='lat' dir='ltr'>dicit</span> <span class='ocrx_word' id='word_1_372' title='bbox 1657 3893 1945 3958; x_wconf 76' lang='lat' dir='ltr'>Hesychius</span> <span class='ocrx_word' id='word_1_373' title='bbox 1992 3909 2031 3943; x_wconf 92' lang='lat' dir='ltr'>s.</span> <span class='ocrx_word' id='word_1_374' title='bbox 2067 3908 2115 3945; x_wconf 80' lang='lat' dir='ltr'>v.</span> <span class='ocrx_word' id='word_1_375' title='bbox 2150 3890 2220 3943; x_wconf 67' lang='grc' dir='ltr'>ἵν.</span> <span class='ocrx_word' id='word_1_376' title='bbox 2292 3892 2614 3945; x_wconf 78' lang='lat' dir='ltr'>Nominativo</span> <span class='ocrx_word' id='word_1_377' title='bbox 2666 3891 2695 3946; x_wconf 73' lang='lat'><em>8</em></span> <span class='ocrx_word' id='word_1_378' title='bbox 2739 3892 2929 3958; x_wconf 86' lang='lat' dir='ltr'>Sopho·</span> 
     </span>
     <span class='ocr_line' id='line_1_37' title="bbox 423 3975 2933 4045; baseline 0 -17"><span class='ocrx_word' id='word_1_379' title='bbox 423 3977 526 4028; x_wconf 89' lang='lat' dir='ltr'>cles</span> <span class='ocrx_word' id='word_1_380' title='bbox 561 3979 616 4029; x_wconf 88' lang='lat' dir='ltr'>in</span> <span class='ocrx_word' id='word_1_381' title='bbox 653 3976 905 4029; x_wconf 76' lang='lat' dir='ltr'>Oenomao</span> <span class='ocrx_word' id='word_1_382' title='bbox 941 3994 1065 4031; x_wconf 88' lang='lat' dir='ltr'>usus</span> <span class='ocrx_word' id='word_1_383' title='bbox 1098 3994 1212 4030; x_wconf 91' lang='lat' dir='ltr'>esse</span> <span class='ocrx_word' id='word_1_384' title='bbox 1246 3978 1446 4031; x_wconf 88' lang='lat' dir='ltr'>dicitur.</span> <span class='ocrx_word' id='word_1_385' title='bbox 1487 3978 1720 4042; x_wconf 84' lang='lat' dir='ltr'>Apollon.</span> <span class='ocrx_word' id='word_1_386' title='bbox 1755 3979 1819 4031; x_wconf 90' lang='lat' dir='ltr'>de</span> <span class='ocrx_word' id='word_1_387' title='bbox 1855 3979 2005 4029; x_wconf 86' lang='lat' dir='ltr'>Pron.</span> <span class='ocrx_word' id='word_1_388' title='bbox 2050 3994 2096 4043; x_wconf 89' lang='lat' dir='ltr'>p.</span> <span class='ocrx_word' id='word_1_389' title='bbox 2132 3976 2217 4031; x_wconf 82' lang='lat'>70.</span> <span class='ocrx_word' id='word_1_390' title='bbox 2288 3975 2611 4045; x_wconf 82' lang='lat' dir='ltr'>Quamquam</span> <span class='ocrx_word' id='word_1_391' title='bbox 2644 3977 2694 4041; x_wconf 81' lang='lat'>1,</span> <span class='ocrx_word' id='word_1_392' title='bbox 2731 3976 2788 4029; x_wconf 68' lang='grc' dir='ltr'>ἵν</span> <span class='ocrx_word' id='word_1_393' title='bbox 2832 3979 2933 4030; x_wconf 76' lang='lat' dir='ltr'>for·</span> 
     </span>
     <span class='ocr_line' id='line_1_38' title="bbox 423 4062 2935 4131; baseline 0.001 -18"><span class='ocrx_word' id='word_1_394' title='bbox 423 4070 562 4114; x_wconf 83' lang='lat' dir='ltr'>tasse</span> <span class='ocrx_word' id='word_1_395' title='bbox 597 4064 858 4114; x_wconf 82' lang='lat' dir='ltr'>scribenda</span> <span class='ocrx_word' id='word_1_396' title='bbox 893 4070 1016 4115; x_wconf 90' lang='lat' dir='ltr'>sunt</span> <span class='ocrx_word' id='word_1_397' title='bbox 1050 4071 1102 4116; x_wconf 88' lang='lat' dir='ltr'>et</span> <span class='ocrx_word' id='word_1_398' title='bbox 1134 4064 1200 4115; x_wconf 84' lang='lat' dir='ltr'>ad</span> <span class='ocrx_word' id='word_1_399' title='bbox 1235 4064 1448 4115; x_wconf 87' lang='lat' dir='ltr'>eandem</span> <span class='ocrx_word' id='word_1_400' title='bbox 1485 4065 1694 4129; x_wconf 79' lang='lat' dir='ltr'>stirpem</span> <span class='ocrx_word' id='word_1_401' title='bbox 1731 4070 1885 4129; x_wconf 78' lang='lat' dir='ltr'>atque</span> <span class='ocrx_word' id='word_1_402' title='bbox 1918 4062 2047 4131; x_wconf 73' lang='grc' dir='ltr'>μίν,</span> <span class='ocrx_word' id='word_1_403' title='bbox 2084 4064 2172 4115; x_wconf 70' lang='grc' dir='ltr'>νίν</span> <span class='ocrx_word' id='word_1_404' title='bbox 2206 4062 2481 4115; x_wconf 83' lang='lat' dir='ltr'>referenda.</span> <span class='ocrx_word' id='word_1_405' title='bbox 2535 4064 2655 4119; x_wconf 79' lang='lat' dir='ltr'>vid.</span> <span class='ocrx_word' id='word_1_406' title='bbox 2694 4065 2935 4117; x_wconf 80' lang='lat' dir='ltr'>Kilhneri</span> 
     </span>
     <span class='ocr_line' id='line_1_39' title="bbox 427 4147 2246 4215; baseline 0 -18"><span class='ocrx_word' id='word_1_407' title='bbox 427 4148 599 4199; x_wconf 78' lang='lat' dir='ltr'>Gram.</span> <span class='ocrx_word' id='word_1_408' title='bbox 637 4148 678 4199; x_wconf 93' lang='lat'>1.</span> <span class='ocrx_word' id='word_1_409' title='bbox 719 4164 767 4215; x_wconf 91' lang='grc' dir='ltr'><strong>Ρ.</strong></span> <span class='ocrx_word' id='word_1_410' title='bbox 805 4148 924 4201; x_wconf 83' lang='grc'><strong>385.</strong></span> <span class='ocrx_word' id='word_1_411' title='bbox 997 4150 1160 4202; x_wconf 81' lang='lat' dir='ltr'>Curtii</span> <span class='ocrx_word' id='word_1_412' title='bbox 1195 4152 1362 4215; x_wconf 73' lang='lat' dir='ltr'>Etym-</span> <span class='ocrx_word' id='word_1_413' title='bbox 1401 4149 1558 4201; x_wconf 82' lang='lat' dir='ltr'>Graec.</span> <span class='ocrx_word' id='word_1_414' title='bbox 1595 4147 1666 4199; x_wconf 90' lang='lat'>11.</span> <span class='ocrx_word' id='word_1_415' title='bbox 1702 4164 1749 4215; x_wconf 89' lang='lat' dir='ltr'>p.</span> <span class='ocrx_word' id='word_1_416' title='bbox 1794 4148 1891 4201; x_wconf 91' lang='grc'>120</span> <span class='ocrx_word' id='word_1_417' title='bbox 1926 4148 2026 4215; x_wconf 84' lang='lat' dir='ltr'>(ed.</span> <span class='ocrx_word' id='word_1_418' title='bbox 2064 4150 2246 4215; x_wconf 65' lang='lat' dir='ltr'>prim).</span> 
     </span>
    </p>

    <p class='ocr_par' dir='ltr' id='par_1_11' title="bbox 426 4232 2932 4472">
     <span class='ocr_line' id='line_1_40' title="bbox 567 4232 2932 4301; baseline 0.001 -16"><span class='ocrx_word' id='word_1_419' title='bbox 567 4232 604 4293; x_wconf 83' lang='lat'>¹¹)</span> <span class='ocrx_word' id='word_1_420' title='bbox 636 4235 945 4287; x_wconf 80' lang='lat' dir='ltr'>Laconicum</span> <span class='ocrx_word' id='word_1_421' title='bbox 981 4243 1092 4286; x_wconf 74' lang='lat' dir='ltr'>eret</span> <span class='ocrx_word' id='word_1_422' title='bbox 1125 4236 1224 4301; x_wconf 76' lang='grc' dir='ltr'>φίν</span> <span class='ocrx_word' id='word_1_423' title='bbox 1267 4251 1300 4285; x_wconf 87' lang='lat' dir='ltr'>a</span> <span class='ocrx_word' id='word_1_424' title='bbox 1333 4234 1644 4287; x_wconf 86' lang='lat' dir='ltr'>Callimacho</span> <span class='ocrx_word' id='word_1_425' title='bbox 1679 4240 1732 4285; x_wconf 89' lang='lat' dir='ltr'>et</span> <span class='ocrx_word' id='word_1_426' title='bbox 1762 4232 2015 4286; x_wconf 84' lang='lat' dir='ltr'>Nicandro</span> <span class='ocrx_word' id='word_1_427' title='bbox 2049 4241 2320 4299; x_wconf 87' lang='lat' dir='ltr'>receptum.</span> <span class='ocrx_word' id='word_1_428' title='bbox 2396 4234 2599 4287; x_wconf 82' lang='lat' dir='ltr'>Ahrens</span> <span class='ocrx_word' id='word_1_429' title='bbox 2636 4236 2769 4287; x_wconf 83' lang='lat' dir='ltr'>Dial.</span> <span class='ocrx_word' id='word_1_430' title='bbox 2811 4236 2932 4287; x_wconf 88' lang='lat' dir='ltr'>Dor.</span> 
     </span>
     <span class='ocr_line' id='line_1_41' title="bbox 426 4314 2924 4387; baseline 0.002 -18"><span class='ocrx_word' id='word_1_431' title='bbox 426 4337 471 4386; x_wconf 88' lang='lat' dir='ltr'>p.</span> <span class='ocrx_word' id='word_1_432' title='bbox 513 4318 640 4380; x_wconf 84' lang='lat'>109,</span> <span class='ocrx_word' id='word_1_433' title='bbox 675 4318 789 4373; x_wconf 84' lang='lat'>261.</span> <span class='ocrx_word' id='word_1_434' title='bbox 861 4320 1056 4373; x_wconf 85' lang='lat' dir='ltr'>Buttm.</span> <span class='ocrx_word' id='word_1_435' title='bbox 1096 4321 1264 4372; x_wconf 84' lang='lat' dir='ltr'>Gram.</span> <span class='ocrx_word' id='word_1_436' title='bbox 1301 4320 1424 4385; x_wconf 82' lang='lat' dir='ltr'>Maj.</span> <span class='ocrx_word' id='word_1_437' title='bbox 1460 4335 1509 4386; x_wconf 89' lang='lat' dir='ltr'>p.</span> <span class='ocrx_word' id='word_1_438' title='bbox 1545 4319 1660 4372; x_wconf 83' lang='lat'>291.</span> <span class='ocrx_word' id='word_1_439' title='bbox 1711 4316 1809 4385; x_wconf 74' lang='grc' dir='ltr'>φίν</span> <span class='ocrx_word' id='word_1_440' title='bbox 1849 4333 1935 4384; x_wconf 87' lang='lat' dir='ltr'>pro</span> <span class='ocrx_word' id='word_1_441' title='bbox 1970 4314 2173 4380; x_wconf 67' lang='grc' dir='ltr'>αὐτοῖς,</span> <span class='ocrx_word' id='word_1_442' title='bbox 2210 4316 2401 4377; x_wconf 59' lang='lat' dir='ltr'>«eisaie</span> <span class='ocrx_word' id='word_1_443' title='bbox 2441 4321 2665 4387; x_wconf 82' lang='lat' dir='ltr'>positum</span> <span class='ocrx_word' id='word_1_444' title='bbox 2711 4335 2924 4373; x_wconf 85' lang='lat' dir='ltr'>comme-</span> 
     </span>
     <span class='ocr_line' id='line_1_42' title="bbox 427 4404 2017 4472; baseline -0.003 -16"><span class='ocrx_word' id='word_1_445' title='bbox 427 4411 627 4457; x_wconf 88' lang='lat' dir='ltr'>morant</span> <span class='ocrx_word' id='word_1_446' title='bbox 659 4407 814 4457; x_wconf 78' lang='lat' dir='ltr'>etiem</span> <span class='ocrx_word' id='word_1_447' title='bbox 848 4404 1136 4470; x_wconf 83' lang='lat' dir='ltr'>Hesychius</span> <span class='ocrx_word' id='word_1_448' title='bbox 1173 4412 1227 4457; x_wconf 86' lang='lat' dir='ltr'>et</span> <span class='ocrx_word' id='word_1_449' title='bbox 1259 4407 1429 4472; x_wconf 83' lang='lat' dir='ltr'>Apoll.</span> <span class='ocrx_word' id='word_1_450' title='bbox 1465 4406 1586 4457; x_wconf 85' lang='lat' dir='ltr'>Lex.</span> <span class='ocrx_word' id='word_1_451' title='bbox 1622 4406 1773 4456; x_wconf 89' lang='lat' dir='ltr'>Hom.</span> <span class='ocrx_word' id='word_1_452' title='bbox 1812 4419 1849 4453; x_wconf 88' lang='lat' dir='ltr'>s.</span> <span class='ocrx_word' id='word_1_453' title='bbox 1887 4405 1937 4454; x_wconf 91' lang='lat' dir='ltr'>h.</span> <span class='ocrx_word' id='word_1_454' title='bbox 1972 4421 2017 4453; x_wconf 80' lang='lat' dir='ltr'>v.</span> 
     </span>
    </p>

    <p class='ocr_par' dir='ltr' id='par_1_12' title="bbox 569 4487 2935 4559">
     <span class='ocr_line' id='line_1_43' title="bbox 569 4487 2935 4559; baseline 0 -17"><span class='ocrx_word' id='word_1_455' title='bbox 569 4487 606 4553; x_wconf 66' lang='grc' dir='ltr'>θ)</span> <span class='ocrx_word' id='word_1_456' title='bbox 645 4490 977 4556; x_wconf 72' lang='lat' dir='ltr'>Syracusanis</span> <span class='ocrx_word' id='word_1_457' title='bbox 1023 4492 1118 4543; x_wconf 86' lang='lat' dir='ltr'>has</span> <span class='ocrx_word' id='word_1_458' title='bbox 1152 4491 1332 4543; x_wconf 85' lang='lat' dir='ltr'>tribuit</span> <span class='ocrx_word' id='word_1_459' title='bbox 1367 4491 1666 4556; x_wconf 80' lang='lat' dir='ltr'>Apollonius</span> <span class='ocrx_word' id='word_1_460' title='bbox 1701 4490 1765 4541; x_wconf 85' lang='lat' dir='ltr'>de</span> <span class='ocrx_word' id='word_1_461' title='bbox 1800 4490 1955 4541; x_wconf 89' lang='lat' dir='ltr'>Pron.</span> <span class='ocrx_word' id='word_1_462' title='bbox 1990 4506 2038 4557; x_wconf 88' lang='grc' dir='ltr'><strong>Ρ.</strong></span> <span class='ocrx_word' id='word_1_463' title='bbox 2080 4489 2203 4551; x_wconf 85' lang='grc'>126,</span> <span class='ocrx_word' id='word_1_464' title='bbox 2244 4491 2365 4558; x_wconf 86' lang='grc'>128,</span> <span class='ocrx_word' id='word_1_465' title='bbox 2404 4494 2495 4559; x_wconf 83' lang='lat' dir='ltr'>qui</span> <span class='ocrx_word' id='word_1_466' title='bbox 2527 4492 2713 4545; x_wconf 82' lang='lat' dir='ltr'>ibidem</span> <span class='ocrx_word' id='word_1_467' title='bbox 2747 4508 2794 4557; x_wconf 89' lang='lat' dir='ltr'>p.</span> <span class='ocrx_word' id='word_1_468' title='bbox 2835 4492 2935 4545; x_wconf 87' lang='grc'>122</span> 
     </span>
    </p>
   </div>
   <div class='ocr_carea' id='block_1_7' title="bbox 429 4576 2931 4729">
    <p class='ocr_par' dir='ltr' id='par_1_13' title="bbox 429 4576 2931 4729">
     <span class='ocr_line' id='line_1_44' title="bbox 431 4576 2931 4645; baseline 0 -17"><span class='ocrx_word' id='word_1_469' title='bbox 431 4578 601 4637; x_wconf 86' lang='lat' dir='ltr'>docet,</span> <span class='ocrx_word' id='word_1_470' title='bbox 637 4578 691 4628; x_wconf 87' lang='lat' dir='ltr'>in</span> <span class='ocrx_word' id='word_1_471' title='bbox 725 4576 1088 4641; x_wconf 83' lang='lat' dir='ltr'>monosyllabis</span> <span class='ocrx_word' id='word_1_472' title='bbox 1123 4576 1296 4630; x_wconf 75' lang='lat' dir='ltr'>formis</span> <span class='ocrx_word' id='word_1_473' title='bbox 1331 4576 1461 4631; x_wconf 84' lang='lat' dir='ltr'>illud</span> <span class='ocrx_word' id='word_1_474' title='bbox 1495 4585 1542 4643; x_wconf 84' lang='grc' dir='ltr'><em>ψ</em></span> <span class='ocrx_word' id='word_1_475' title='bbox 1579 4578 1642 4629; x_wconf 89' lang='lat' dir='ltr'>ab</span> <span class='ocrx_word' id='word_1_476' title='bbox 1676 4578 1740 4629; x_wconf 90' lang='lat' dir='ltr'>iis</span> <span class='ocrx_word' id='word_1_477' title='bbox 1777 4592 1973 4642; x_wconf 84' lang='lat' dir='ltr'>semper</span> <span class='ocrx_word' id='word_1_478' title='bbox 2003 4576 2285 4639; x_wconf 78' lang='lat' dir='ltr'>observari,</span> <span class='ocrx_word' id='word_1_479' title='bbox 2322 4578 2387 4630; x_wconf 83' lang='lat' dir='ltr'>de</span> <span class='ocrx_word' id='word_1_480' title='bbox 2408 4578 2735 4645; x_wconf 78' lang='lat' dir='ltr'>polysyllabis</span> <span class='ocrx_word' id='word_1_481' title='bbox 2758 4582 2931 4629; x_wconf 72' lang='lat' dir='ltr'>auten</span> 
     </span>
     <span class='ocr_line' id='line_1_45' title="bbox 429 4663 1898 4729; baseline -0.002 -13"><span class='ocrx_word' id='word_1_482' title='bbox 429 4670 637 4729; x_wconf 89' lang='lat' dir='ltr'>propter</span> <span class='ocrx_word' id='word_1_483' title='bbox 670 4663 836 4714; x_wconf 72' lang='lat' dir='ltr'>varias</span> <span class='ocrx_word' id='word_1_484' title='bbox 874 4664 1167 4729; x_wconf 85' lang='lat' dir='ltr'>scriptiones</span> <span class='ocrx_word' id='word_1_485' title='bbox 1198 4663 1445 4726; x_wconf 83' lang='lat' dir='ltr'>judicium</span> <span class='ocrx_word' id='word_1_486' title='bbox 1481 4664 1732 4719; x_wconf 85' lang='lat' dir='ltr'>incertum</span> <span class='ocrx_word' id='word_1_487' title='bbox 1769 4677 1898 4715; x_wconf 87' lang='lat' dir='ltr'>esse.</span> 
     </span>
    </p>
   </div>
   <div class='ocr_carea' id='block_1_8' title="bbox 3477 1195 3486 1844">
    <p class='ocr_par' dir='ltr' id='par_1_14' title="bbox 3477 1195 3486 1844">
     <span class='ocr_line' id='line_1_46' title="bbox 3477 1195 3486 1844; baseline 0 0"><span class='ocrx_word' id='word_1_488' title='bbox 3477 1195 3486 1844; x_wconf 95' lang='lat' dir='ltr'> </span> 
     </span>
    </p>
   </div>
  </div>
 </body>
</html>
