3514 5326
8 2675 21 2703 ,ι
8 2605 10 2608 ’
8 2455 46 2522 ἶ
7 2250 18 2420 --⁴-··
7 2166 22 2196 φ
8 2069 11 2096 -

957 545 1044 600 De
1087 539 1398 599 confusione
1440 537 1815 614 pronominum
1862 534 2055 596 tertiae-
2081 557 2328 612 personae
2371 537 2694 596 Graecorum.
3048 535 3082 593 '1

577 711 643 776 in
685 713 823 778 loco
867 713 1337 781 Hellenicorum
1389 737 1580 800 supra
1609 718 1806 780 allato
1838 714 2178 790 commisit,
2223 734 2414 796 quum
2442 718 2512 792 2,
2539 713 2582 778 8
2627 711 2886 799 σφόδρα
2913 713 3088 798 σφᾶς

579 809 808 891 αὐτοὺς
851 815 1265 900 ἐπεφόβησθε
1307 819 1591 901 scripsit,
1651 819 1772 882 etsi
1816 819 1920 881 hic
1963 817 2135 902 σφᾶς
2177 810 2405 892 αὐτούς
2449 825 2547 881 est
2588 837 2702 899 pro
2749 811 3085 904 ἀλλήλους.
3108 840 3133 880 e

582 917 710 982 Sed
775 919 894 981 hoc
938 919 1210 982 forsitan
1265 920 1582 1003 singulare
1633 922 1721 983 sit
1762 919 2126 1023 hujpsmcdi
2171 909 2535 1001 exemplum'
2565 919 2735 1000 apud
2781 930 3087 984 oratores.

577 1020 958 1084 Posterioris
1018 1020 1384 1084 Graecitatis
1429 1022 1807 1105 scriptoreS‚
1862 1021 1967 1105 qui
2013 1021 2266 1105 quidem
2310 1021 2623 1103 puriorem
2666 1019 3080 1085 Atticismum

577 1130 1020 1203 sequerentur,
1084 1130 1155 1185 ut
1203 1123 1562 1200 Lucienus,
1626 1123 2017 1206 pronominis
2070 1119 2299 1186 ἑαυτοῦ
2362 1143 2480 1186 usu
2531 1120 2750 1184 Attico
2804 1122 3079 1187 contenti

579 1225 854 1300 fuerunt3
919 1223 1114 1287 ceteri
1169 1244 1318 1287 vero
1363 1226 1594 1308 saepius
1640 1225 1926 1309 exempla
1974 1224 2189 1308 qualia
2230 1225 2342 1287 illa
2381 1223 3081 1306 Xenophontea.exhi-

576 1325 731 1387 bent
796 1345 996 1407 neque
1047 1325 1250 1388 solum
1304 1327 1386 1389 ad
1451 1347 1663 1391 omnes
1718 1347 2021 1410 personas
2078 1327 2252 1412 σφᾶς
2301 1335 2366 1390 et
2408 1326 2737 1410 σφέτερος,
2806 1327 2930 1390 sed.
2962 1326 3083 1403 hec
3143 1377 3158 1391 .

575 1425 1004 1508 possessivum
1069 1427 1261 1491 etiam
1326 1428 1408 1490 ad
1473 1429 1858 1511 singularem
1922 1449 2250 1494 numerum
2315 1422 2745 1514 r'etulerunt1).
2859 1429 3080 1512 Neque

577 1529 816 1594 minore
859 1529 1119 1592 licentia
1164 1529 1262 1592 usi
1305 1538 1454 1593 sunt
1493 1525 1919 1619 Byzantini2).
2994 1517 3003 1526 ’

742 1649 1204 1711 HERODOTUM
1249 1648 1329 1710 ab
1359 1648 1579 1712 Attico
1624 1671 1746 1714 usu
1785 1649 2174 1734 pronominis
2206 1646 2435 1713 ἑαυτοῦ
2476 1669 2603 1714 non
2632 1653 2899 1732 prorsus,
2923 1649 3082 1714 alie-

578 1769 726 1813 num
779 1750 972 1813 fuisse
989 1745 1046 1834 ³)
1099 1750 1462 1813 documento
1520 1760 1620 1814 est
1671 1751 1737 1828 5,
1782 1756 1895 1817 20:
1947 1754 2060 1829 τάς
2100 1776 2165 1816 τε
2208 1748 2462 1817 ἑωυτῶν
2504 1753 2777 1837 μητέρᾳξ
2816 1755 2930 1815 καὶ
2970 1748 3091 1826 τὰς

575 1845 901 1936 ἀδελφεὰς
943 1849 1554 1939 ἐπιδαψιλευόμεθα
1597 1847 1767 1934 ὑμῖν.
1822 1856 1882 1932 5,
1928 1856 2030 1933 92,
2073 1859 2112 1919 2
2158 1859 2383 1939 σφίσιν
2427 1849 2647 1934 αὐτοῖς
2686 1857 2763 1919 de
2808 1855 3085 1918 secunda

575 1973 848 2036 persona
892 1962 1262 2036 usurpatum
1308 1955 1610 2018 rariorem
1664 1958 1833 2039 apud
1876 1958 2129 2022 Atticos
2156 1951 2391 2034 usum,
2449 1958 2627 2039 cujus
2670 1977 2867 2039 supra
2908 1975 3085 2018 men·
3133 1983 3147 1996 ·

575 2055 810 2118 tionem
875 2056 1167 2132 fecimuS,
1223 2057 1438 2119 refert.
1531 2057 1661 2121 Sed
1705 2059 1835 2122 alia
1880 2060 2171 2142 exempla
2214 2060 2327 2126 vix
2369 2059 2657 2124 invenias
2703 2059 2872 2141 apud
2913 2058 3099 2134 huuc.

579 2156 970 2239 scriptorem.
2403 2171 2419 2188 ⁴

742 2275 1108 2356 Tragicos
1163 2283 1427 2356 poetas
1481 2279 1702 2341 formis
1735 2281 1888 2362 -σφέ
1936 2289 2001 2344 et
2042 2283 2233 2362 σφίν,
2300 2301 2439 2364 quae
2490 2279 2743 2362 proprie
2801 2277 3078 2359 plurales

575 2384 756 2452 sunt,
797 2375 988 2438 etiam
1018 2377 1094 2440 de
1124 2376 1350 2440 ceteris
1381 2380 1656 2443 numeris
1687 2401 1835 2444 usos
1866 2402 2003 2445 esse
2035 2375 2375 2467 constat4).
2441 2384 2685 2444 Harum
2712 2380 2871 2463 σφίν
2900 2395 3080 2442 num-

577 2497 794 2560 quam,
851 2479 978 2562 σφέ
1015 2469 1231 2562 rar05)
1274 2465 1486 2542 sensu'
1510 2482 1811 2544 reflexivo
1856 2491 2216 2565 posuerunt.
2296 2483 2741 2564 Possessivum
2784 2483 3081 2566 σφέτερος

575 2598 698 2642 uno
744 2579 882 2643 loco
929 2580 1012 2643 ad
1056 2578 1434 2660 singularem
1479 2583 1750 2646 relatum
1792 2585 2128 2661 habemus,
2172 2586 2507 2648 AESOHYLI
2548 2584 2817 2647 Pers.·v.
2849 2575 3060 2669 900⁶).

742 2700 1094 2762 Pronomen
1151 2692 1346 2762 αὑτοῦ
1397 2721 1437 2764 a
1492 2702 1752 2783 tragicis
1805 2703 2013 2785 poetis
2070 2705 2146 2767 de
2190 2705 2395 2786 prima
2452 2712 2566 2766 aut
2607 2703 2884 2766 secunda
2932 2721 3085 2785 per-

574 2818 736 2862 sona
779 2820 1072 2882 umquam
1117 2810 1488 2884 usurpatum
1531 2822 1668 2866 esse
1712 2813 2023 2885 negarunt
2065 2798 2435 2891 nonnulli⁷).
2504 2804 2783 2877 Quorum
2828 2812 3083 2867 senten-

573 2900 695 2976 tia,
750 2920 789 2963 a
832 2901 1152 2985 plerisque
1196 2903 1418 2967 merito
1463 2903 1850 2987 improbata,
1893 2906 2337 2971 infirmissimis
2383 2905 2614 2970 nititur
2655 2904 3069 2993 argumentis.

719 3199 758 3265 ¹)
794 3201 931 3252 Vide
967 3201 1215 3266 Stephani
1251 3200 1404 3253 Thes.
1457 3202 1548 3255 Ed.
1586 3204 1703 3255 Par.
1741 3219 1782 3254 a.
1819 3203 1871 3253 h.
1908 3218 1953 3252 v.

714 3284 753 3348 ²)
787 3287 920 3339 Vide
956 3286 1222 3339 Mullachii
1259 3287 1581 3339 Grammatik
1615 3291 1704 3340 der
1738 3289 1940 3339 Griech.
1979 3285 2389 3353 Vulgarsprache
2422 3303 2471 3352 p.
2511 3284 2578 3339 53
2612 3303 2686 3353 sq.
2727 3288 2839 3339 184.
2877 3289 2993 3341 208.

716 3369 759 3439 ³)
793 3372 905 3424 Hoc
941 3382 1114 3424 tamen
1152 3375 1334 3424 statuit
1370 3373 1646 3425 Bredovius
1685 3374 1763 3423 De
1788 3373 1904 3423 dial.
1930 3374 2218 3424 Herodotea
2250 3390 2297 3438 p.
2319 3372 2433 3423 284.
2465 3400 2527 3411 —
2565 3371 2746 3425 Cetera
2779 3374 2933 3439 huius
2956 3390 3083 3429 naua

572 3458 832 3523 exempla,
870 3474 980 3523 quae
1015 3461 1204 3524 praebet
1238 3460 1356 3509 Lex.
1397 3458 2025 3525 Schweighaeuser-innum,
2055 3461 2161 3521 jam
2197 3464 2398 3510 mutata
2433 3465 2568 3511 sunt.

711 3542 755 3606 ⁴)
791 3544 892 3609 σφε·
937 3544 999 3595 de
1035 3548 1162 3611 sing.
1201 3546 1319 3595 Eur.
1367 3546 1466 3609 (ed.
1502 3544 1812 3609 Kirchhoff.)
1860 3544 1944 3594 Or.
1971 3544 2051 3595 29.
2101 3544 2291 3594 Phoen.
2318 3544 2437 3596 765.
2476 3545 2609 3596 Med.
2634 3544 2717 3596 33.
2743 3543 2859 3598 931.
2884 3545 3081 3612 (1285.)

569 3628 722 3695 Hipp.
771 3628 892 3681 890.
965 3630 1076 3681 Alc.
1129 3630 1206 3684 16.
1255 3630 1339 3683 20.
1381 3628 1491 3681 109.
1535 3630 1646 3680 154.
1685 3628 1799 3680 570.
1835 3626 1953 3680 846.
2014 3628 2255 3679 Androm.
2294 3627 2375 3681 39.
2413 3628 2531 3684 346.
2568 3628 2683 3681 982.
2745 3630 2925 3683 Troad.
2960 3630 3076 3683 727.

570 3714 686 3766 921.
729 3715 875 3767 1122.
925 3714 1084 3766 Rhes.
1122 3714 1235 3768 592.
1276 3716 1450 3782 Suppl.
1491 3718 1602 3770 155.
1641 3716 1750 3767 Ion.
1791 3715 1869 3765 54.
1908 3714 1989 3765 71.
2030 3712 2143 3765 279.
2184 3714 2297 3767 293.
2336 3714 2451 3769 296.
2488 3714 2603 3768 297.
2639 3715 2756 3768 360.
2794 3716 2903 3782 lph.
2926 3719 3080 3770 Taur.

570 3794 689 3850 730.
727 3800 842 3866 Iph.
882 3803 1000 3854 Aul.
1035 3801 1121 3852 70.
1158 3801 1275 3853 Hel.
1314 3802 1430 3853 608.
1469 3801 1584 3855 936.
1622 3800 1739 3852 988.
1780 3801 1975 3867 (1201.)
2002 3802 2146 3853 1217.
2184 3803 2335 3853 Herc.
2363 3802 2477 3853 Fur.
2505 3802 2620 3853 540.
2658 3802 2733 3851 El.
2760 3800 2838 3853 27.
2878 3800 3076 3867 Fragm.

566 3888 650 3944 (ex
685 3900 780 3937 rec.
818 3887 1035 3951 Nauck.)
1076 3887 1236 3949 10583
1273 3888 1550 3954 AEschylus
1585 3903 1763 3939 novem
1801 3888 1925 3938 locis
1959 3889 2094 3952 (vide
2128 3888 2245 3938 Lex.
2275 3888 2453 3947 well..
2502 3888 2587 3939 ubi
2623 3887 2883 3938 addendus
2908 3888 3076 3939 Prom.

567 3986 614 4022 v.
651 3970 732 4037 9);
790 3970 1057 4037 Sophocles
1094 3974 1438 4041 duodeviginti
1484 3974 1618 4039 (vide
1652 3972 1775 4023 Lex.
1816 3972 2056 4039 Ellendt).
2114 3973 2240 4040 σφὶν
2276 3974 2413 4023 Pers.
2440 3970 2556 4024 759.
2594 3970 2715 4024 Oed.
2744 3970 2846 4023 Col.
2878 3971 3023 4024 1490.

711 4054 755 4122 ³)
788 4056 1016 4123 AEschyl.
1059 4057 1198 4123 Sept.
1237 4076 1279 4111 c.
1319 4058 1474 4112 Theb.
1514 4076 1558 4110 v.
1595 4058 1712 4111 469.
1749 4056 1866 4110 617.
1907 4059 2057 4124 Soph.
2095 4059 2275 4111 Trach.
2317 4055 2429 4109 166.
2468 4055 2590 4108 Oed.
2627 4057 2752 4123 Reg.
2790 4055 2909 4108 761.
2970 4056 3079 4109 Nu-

569 4143 695 4192 meri
732 4152 853 4193 sunt
889 4144 1166 4197 editionum
1206 4146 1358 4197 Dind.

713 4226 749 4291 ⁸)
787 4226 846 4283 ὃς
875 4230 937 4280 de
974 4231 1198 4282 secunda
1232 4247 1447 4297 persona
1482 4232 1617 4283 codd.
1658 4232 1898 4283 exhibent
1932 4232 2053 4282 Eur.
2092 4228 2207 4279 Hel.
2246 4244 2288 4277 v.
2314 4227 2434 4287 622,
2472 4227 2538 4279 ad
2561 4227 2807 4293 pluralem
2832 4228 3048 4280 relatum
3065 4263 3082 4288 .

571 4326 633 4363 ex
669 4316 956 4376 conjectura
1001 4316 1178 4365 intulit
1221 4314 1455 4367 Matthiae
1491 4319 1609 4368 Eur.
1647 4316 1764 4368 Hel.
1802 4332 1847 4365 v.
1890 4314 2021 4369 1123
2065 4316 2291 4366 scribens
2338 4312 2598 4366 τάλαιναν
2637 4303 2713 4365 ὦν
2740 4308 2948 4380 ἀλόχων
2974 4314 3079 4367 κεί-

571 4411 761 4470 mus·
789 4398 1032 4470 ἔθειραν,
1086 4400 1148 4451 de
1184 4402 1350 4465 prima
1381 4417 1599 4467 persona
1642 4402 1973 4453 Her-mannus
2018 4402 2142 4451 item
2179 4414 2241 4451 ex
2276 4402 2563 4463 conjectura
2597 4400 2769 4466 posuit
2812 4400 2928 4449 Eur.
2966 4398 3075 4464 Iph.

570 4484 688 4536 Aul.
727 4500 770 4533 v.
816 4484 972 4544 1212,
1006 4487 1094 4537 ubi
1130 4485 1268 4536 dedit
1304 4485 1497 4544 παιδός
1526 4479 1589 4551 ἦς
1623 4487 1956 4558 στερήσομαι.

713 4568 750 4633 ¹¹)
787 4568 1075 4635 Elmsleyua
1122 4570 1187 4620 ad
1223 4572 1339 4622 Eur.
1375 4572 1580 4624 Her-acl.
1617 4591 1662 4623 v.
1705 4574 1804 4624 144
1848 4575 1911 4625 de
1948 4572 2193 4638 Sophocle
2228 4577 2431 4622 tantum
2479 4578 2532 4622 et
2573 4570 2813 4635 Euripide
2865 4570 2959 4621 hoc
2991 4585 3079 4623 ne-

569 4663 685 4722 gat3
741 4655 1106 4722 Bernhardyus
1159 4652 1304 4721 Synt.
1353 4671 1400 4721 p.
1439 4654 1539 4710 272
1589 4663 1639 4707 et
1673 4658 1777 4709 286
1823 4660 1884 4709 ab
1920 4658 2151 4710 omuibus
2186 4660 2394 4725 tragicis
2441 4658 2578 4709 hunc
2613 4671 2765 4707 naum
2800 4655 3081 4720 abjudicat,

570 4742 704 4809 quod
738 4743 803 4794 ad
838 4744 1144 4810 singularem
1179 4744 1492 4808 pronominis
1527 4761 1795 4799 numerum
1832 4747 2029 4797 attinet.
