3514 5326
951 493 1038 548 De
1082 491 1392 546 confusione
1435 491 1815 562 pronominum
1860 491 2037 546 tentiae
2082 505 2326 560 personae
2370 489 2694 545 Graecorum.
3031 487 3067 538 9

573 665 822 747 Fragm.
865 660 988 728 597
1040 671 1392 747 sumptum,
1449 663 1628 744 cujus
1685 668 1951 726 metrum
1996 661 2443 743 anapaesticum
2493 681 2835 744 pronomen
2878 657 3074 729 αὖτόν

579 765 840 848 respuit.
906 767 1064 829 Tum
1108 767 1390 847 profecto
1434 763 1658 827 mirum
1703 770 1889 837 esset,
1933 763 1988 824 si
2032 763 2153 825 hae
2196 761 2261 826 in
2308 782 2373 825 re
2404 762 2783 844 tragicorum
2813 786 2963 830 usus
2992 770 3072 831 ab

573 867 1004 950 Aristophane
1019 860 1071 950 ¹)
1129 875 1193 929 et
1248 887 1288 928 a
1342 868 1562 929 solutae
1620 863 1925 928 orationis
1968 856 2449 947 scriptoribus²)
2494 865 2831 930 recederet.
2938 869 3071 932 Ne·
3120 870 3131 880 '

575 988 694 1052 que
740 968 941 1050 magis
983 967 1097 1030 illa
1141 966 1460 1030 sententia
1513 943 1865 1046 probabilis
1908 965 2187 1036 videtur,
2240 964 2295 1026 si
2340 964 2541 1045 ipsam
2585 973 2877 1031 naturam
2920 989 3071 1050 pro-

575 1069 850 1133 nominis
903 1063 1119 1142 αὐτός,
1185 1068 1370 1151 quale
1433 1076 1531 1130 est
1580 1067 1644 1128 in
1687 1066 1913 1130 Attica
1968 1065 2267 1139 dialect0‚
2334 1066 2833 1145 consideramus;
2909 1073 3072 1152 quod

570 1190 911 1251 pronomen
955 1168 1481 1252 significationem
1525 1167 1704 1230 latini
1746 1166 2167 1248 pronominiS‚
2212 1167 2379 1249 quod
2424 1174 2522 1229 est
2558 1166 2716 1252 ipse,
2768 1190 3072 1253 nusquam

573 1272 856 1335 admittit
907 1272 1031 1336 nisi
1086 1271 1193 1333 ubi
1247 1268 1645 1332 substantivo
1698 1269 1833 1330 sive
1878 1267 2118 1330 nomini
2172 1267 2306 1329 sive
2350 1270 2710 1348 pronomini
2756 1272 3071 1352 adjectum

573 1379 697 1446 est,
761 1373 828 1434 id
884 1373 1053 1456 quod
1110 1373 1174 1434 in
1228 1371 1429 1452 primo
1483 1388 1632 1431 casu
1685 1388 1936 1450 semper
1990 1368 2090 1430 fit:
2157 1369 2222 1430 in
2282 1368 2584 1450 obliquiS,
2652 1391 2843 1452 quum
2897 1374 3075 1436 deest

573 1475 1070 1548 substantivum,
1137 1472 1335 1535 latino
1390 1471 1446 1534 ei
1499 1470 1855 1551 respondet.
1959 1470 2106 1532 Jam
2167 1469 2233 1530 in
2286 1471 2618 1551 exemplis,
2685 1492 2825 1554 quae
2878 1494 3072 1556 supra

575 1593 652 1637 ex
701 1575 1081 1656 tragicorum
1135 1571 1388 1653 scriptis
1441 1570 1917 1652 proposuimuS‚
1971 1570 2147 1650 prius
2202 1563 2415 1645 αὐτός,
2484 1573 2653 1653 quod
2705 1581 2877 1636 recto
2923 1595 3071 1639 casu

573 1675 851 1756 positum
895 1684 1023 1751 est,
1078 1673 1476 1737 substantivo
1521 1672 1657 1734 sive
1701 1671 1937 1751 scripto
1984 1670 2118 1733 sive
2164 1671 2381 1734 audito
2428 1673 2741 1752 adjectum
2786 1683 2910 1751 est,
2956 1696 3074 1757 po·-

457 1799 462 1806 ·
573 1777 804 1839 sterius
850 1796 974 1839 non
1016 1775 1138 1838 nisi
1181 1775 1306 1849 ita,
1352 1780 1424 1836 ut
1465 1773 1630 1835 idem
1673 1771 2141 1835 substantivum
2186 1773 2313 1836 alio
2359 1793 2508 1835 casu
2538 1774 2917 1854 cogitatione
2948 1777 3071 1839 ite-

575 1885 766 1940 retur.
851 1879 990 1942 Hoc
1046 1884 1255 1939 autem
1311 1895 1420 1938 cur
1469 1875 1582 1936 fiat
1633 1874 1869 1954 rejecta
1919 1873 2033 1934 illa
2076 1892 2260 1935 casus
2306 1874 2543 1954 obliqui
2586 1875 3075 1957 significatione,

576 1998 708 2062 quae
775 1999 852 2042 ex
915 1977 1122 2041 Graeci
1187 1974 1492 2038 sermonis
1559 1973 2003 2038 consuetudine
2067 1973 2209 2055 ipsa
2266 1995 2332 2037 se
2386 1975 2707 2055 praebeat?
2806 1979 3078 2061 Propter

577 2080 854 2159 ejusdem
929 2078 1221 2142 vocabuli
1297 2075 1728 2150 iterationem,
1794 2075 2111 2156 inquiunt.
2223 2075 2317 2139 At
2382 2077 2515 2138 haec
2570 2096 2694 2140 non
2748 2088 3080 2160 poetarum

576 2182 837 2262 propria
891 2188 988 2243 est
1039 2178 1150 2242 sed
1202 2178 1395 2241 etiam
1439 2176 1666 2239 ceteris
1711 2175 2129 2257 scriptoribus
2175 2177 2625 2253 usitatissima,
2692 2180 2801 2262 qui
2845 2180 2910 2243 in
2955 2181 3074 2242 hac

577 2283 909 2345 verborum
964 2279 1404 2361 conjunctione
1451 2296 1788 2358 pronomen
1835 2276 2205 2340 reflexivum
2250 2298 2497 2358 semper
2540 2279 2858 2343 adhibent.
2946 2281 3073 2356 Ac,

577 2382 632 2445 si
675 2383 1016 2465 Euripides
1057 2381 1198 2445 Alc.
1243 2401 1303 2443 v.
1338 2379 1497 2446 1115
1541 2373 1618 2441 σύ
1661 2374 1726 2440 δ’
1760 2372 1949 2451 mizdo
1981 2371 2183 2462 αὕτῆν
2211 2374 2474 2457 §doiray’
2503 2380 2561 2442 εἶ
2596 2378 2813 2462 βούλει
2844 2381 3079 2465 δόμους

579 2482 785 2547 dicere
837 2483 1080 2564 potuit,
1147 2482 1290 2564 quis
1343 2488 1528 2560 neget
1569 2499 1910 2562 pronomen
1957 2473 2145 2554 αὕτός
2196 2481 2417 2544 iterari
2461 2500 2647 2562 posse
2691 2503 2816 2546 non
2859 2485 3079 2548 eadem

577 2583 1032 2669 significatione
1088 2583 1279 2646 etiam
1335 2581 1443 2644 ubi
1489 2600 1603 2662 per
1647 2583 1987 2644 formarum
2035 2582 2343 2645 rationem
2388 2582 2578 2645 liceat
2621 2593 2952 2669 utramque
2998 2587 3077 2647 ad

578 2688 744 2750 idem
796 2685 1262 2749 substantivum
1314 2683 1588 2747 referre?
1684 2683 1911 2765 Itaque
1972 2692 2044 2747 ut
2094 2684 2226 2747 haec
2277 2684 2500 2747 relatio
2559 2686 2900 2762 efficiatur,
2966 2708 3079 2750 ne-

579 2808 752 2851 cesse
808 2795 907 2850 est
961 2786 1298 2868 posteriori
1347 2782 1700 2866 pronomini
1760 2784 2037 2848 addatur
2093 2804 2434 2866 pronomen
2476 2788 2839 2865 personale,
2905 2789 3079 2871 cujus

579 2889 936 2953 accessione
981 2878 1236 2951 exsistit
1278 2905 1621 2969 pronomen
1663 2886 2047 2949 reflexivum.
2120 2886 2194 2949 In
2239 2907 2364 2969 quo
2410 2882 2597 2959 αιῗτός
2638 2889 2895 2971 proprie
2941 2910 3077 2952 eam

578 2990 774 3054 habet
814 2990 977 3064 vim,
1021 2995 1094 3051 ut
1138 2989 1448 3069 objectum
1493 2988 1576 3050 ad
1617 2986 1965 3067 subjectum
1997 2988 2263 3063 referat,
2308 3008 2429 3052 non
2461 3008 2627 3064 eam,
2672 2999 2744 3053 ut
2774 2990 3083 3071 objectum

579 3092 724 3155 aliis
769 3089 1032 3172 objectis
1077 3082 1436 3173 opponat3).

744 3208 971 3290 Itaque
1015 3207 1080 3270 in
1125 3206 1206 3269 iis
1247 3206 1629 3288 tragicorum
1675 3204 1831 3269 locis
1869 3206 2293 3283 recensendis,
2338 3208 2447 3270 ubi
2477 3227 2822 3289 pronomen
2851 3204 3080 3275 ἑαυτοῦ

582 3310 658 3372 de
709 3308 912 3389 prima
963 3307 1065 3370 vel
1119 3308 1393 3370 secunda
1450 3324 1722 3389 persona
1775 3307 2049 3388 positum
2112 3307 2459 3385 invenitur,
2519 3310 2663 3391 jure
2717 3321 2931 3375 nostro
2978 3332 3084 3375 eos

582 3408 1153 3484 adnumerabimus‚
1217 3407 1283 3471 in
1334 3408 1563 3492 quibus
1617 3401 1807 3481 αὐτός
1862 3409 2215 3489 pronomini
2268 3411 2660 3492 praemissum
2716 3420 2829 3475 est.
2919 3412 3084 3478 Sunt

581 3520 795 3575 autem
839 3511 936 3574 hi:

661 3629 1024 3693 AESOHYLI
1065 3626 1188 3711 Ag.
1233 3648 1292 3691 v.
1343 3628 1494 3691 1141

783 3744 1191 3832 φρενομανής
1232 3767 1323 3820 τις
1362 3746 1427 3808 εἴ
1462 3745 1892 3831 θεοφόρητος,
1940 3739 2113 3830 ἀμφὶ
2156 3741 2222 3809 δ’
2265 3740 2467 3822 αὐτᾶς
2512 3750 2735 3833 θροεῖς

782 3849 986 3933 νόμον
1028 3849 1280 3931 ἄνομον
1321 3846 1490 3934 (cod.
1536 3849 1764 3912 Medic.
1811 3841 2039 3931 αὕτᾶς)

729 4027 762 4093 ¹)
809 4030 976 4096 Equit.
1022 4046 1069 4080 v.
1107 4032 1209 4083 544
1253 4027 1514 4100 κυβερνᾶν
1556 4027 1722 4083 αὐτὸν
1764 4027 1949 4102 ἑαυτῷ.
2003 4046 2046 4079 v.
2089 4026 2221 4081 1223
2266 4024 2433 4084 αὕεδε·
2477 4024 2537 4081 δ’
2571 4026 2740 4100 ἑαυτῷ
2782 4032 3087 4103 παρετίθεις

587 4112 718 4166 Nub.
746 4132 790 4163 v.
816 4114 914 4167 194
947 4112 1113 4171 affrae
1142 4111 1271 4169 καθ’
1303 4112 1485 4169 «nirdam
1538 4113 1641 4168 40⁷
1674 4112 1837 4173 αὸεός
1865 4111 2056 4170 tantan*
2091 4110 2389 4167 κατακάων.
2442 4110 2547 4164 980
2569 4110 2728 4173 αόεδς
2748 4114 2940 4170 ἔαυτόν
2960 4133 3086 4189 προ·

587 4198 888 4269 armabar-
956 4201 1151 4255 Eccles.
1187 4218 1233 4253 v,
1272 4200 1374 4255 502
1409 4198 1470 4257 ὃς
1499 4200 1662 4258 αὐτᾶς
1695 4199 1857 4272 αὸεῷ.

727 4282 771 4349 ²)
806 4285 974 4337 Etiam
1009 4287 1301 4339 Herodotus
1335 4288 1398 4347 8.
1437 4286 1501 4339 16
1547 4284 1714 4345 adras-
1746 4286 1958 4341 ἑωυτόν.
2009 4283 2108 4338 137
2143 4282 2410 4349 διπλήσιος
2439 4284 2643 4354 ἐγίνετο
2670 4284 2832 4343 αὐτὰ·
2857 4287 3059 4343 ἑωυτοῦ.

730 4366 773 4435 ³)
818 4370 950 4422 Nam
998 4373 1090 4423 boc
1136 4370 1221 4423 ubi
1267 4374 1350 4432 fit,
1401 4368 1561 4431 αὐτός
1604 4388 1693 4439 per
1738 4388 1795 4425 se
1838 4373 1960 4438 poni
2005 4386 2383 4437 nonnumquam
2431 4371 2631 4423 videtur
2675 4374 2829 4423 etiam
2876 4374 2980 4432 ita.
3027 4382 3090 4427 ut

591 4458 755 4521 prima
801 4457 880 4507 vel
929 4458 1154 4509 secunda
1195 4474 1410 4523 persona
1454 4460 1607 4509 simul
1652 4459 1906 4511 audienda
1953 4458 2043 4516 sit3
2095 4464 2157 4507 ut
2202 4455 2433 4521 AEschyl.
2467 4459 2614 4509 Eum.
2654 4473 2697 4506 v.
2722 4456 2824 4509 289
2860 4474 2930 4524 sq.
2968 4460 3087 4522 κτή-

592 4556 739 4595 σεται
781 4536 842 4593 δ’
875 4540 1004 4597 ἄνευ
1036 4540 1195 4614 δοραῖς
1224 4541 1388 4595 αὕεόν
1425 4560 1476 4597 τε
1510 4541 1603 4597 καῖ
1635 4544 1739 4613 γῆν
1773 4541 1866 4597 καὶ
1903 4540 1999 4595 τόν
2031 4538 2265 4613 Ἀργεῖον
2297 4542 2443 4597 λεών.
2517 4543 2813 4609 Antiphont.
2853 4544 2899 4594 5.
2936 4546 2983 4608 ᾖ.
3027 4546 3086 4595 n

594 4622 716 4680 δέον
748 4642 805 4682 σε
838 4623 1152 4697 δμόσασθαι
1185 4628 1431 4691 ἐξώλειαν
1466 4625 1610 4700 αὐτῷ
1651 4626 1742 4681 καὶ
1776 4628 1919 4699 γένει
1962 4625 2055 4680 καὶ
2092 4628 2239 4701 οῖκίᾳ
2273 4624 2331 4703 τῇ
2365 4626 2429 4703 σῇ
2461 4628 2824 4701 ἐπαρώμενον.
2898 4627 3087 4690 Quam·

595 4728 746 4783 quam
780 4714 878 4769 hoe
910 4712 1018 4768 loco
1054 4712 1376 4767 uacuum·
1411 4711 1554 4787 αὖεᾷ
1591 4716 1794 4781 scripsit
1827 4715 2041 4767 ἕοηεεεε
2075 4724 2238 4778 reem
2274 4715 2389 4768 vide
2424 4718 2533 4780 eJun
2569 4721 2834 4767 comment.
2874 4714 2938 4765 ad
2972 4716 3026 4770 h.
3052 4717 3087 4769 1.
