<?xml version="1.0" encoding="UTF-8"?>
<!DOCTYPE html PUBLIC "-//W3C//DTD XHTML 1.0 Transitional//EN"
    "http://www.w3.org/TR/xhtml1/DTD/xhtml1-transitional.dtd">
<html xmlns="http://www.w3.org/1999/xhtml" xml:lang="en" lang="en">
 <head>
  <title>
</title>
<meta http-equiv="Content-Type" content="text/html;charset=utf-8" />
  <meta name='ocr-system' content='tesseract 3.04.00' />
  <meta name='ocr-capabilities' content='ocr_page ocr_carea ocr_par ocr_line ocrx_word'/>
</head>
<body>
  <div class='ocr_page' id='page_1' title='image "./deconfusionepro00walbgoog_0024.png"; bbox 0 0 3514 5326; ppageno 0'>
   <div class='ocr_carea' id='block_1_1' title="bbox 537 487 2016 560">
    <p class='ocr_par' dir='ltr' id='par_1_1' title="bbox 537 487 2016 560">
     <span class='ocr_line' id='line_1_1' title="bbox 537 487 2016 560; baseline -0.002 -17"><span class='ocrx_word' id='word_1_1' title='bbox 537 488 616 543; x_wconf 84' lang='grc'><strong>20</strong></span> <span class='ocrx_word' id='word_1_2' title='bbox 1551 488 1604 542; x_wconf 85' lang='lat'><strong>0.</strong></span> <span class='ocrx_word' id='word_1_3' title='bbox 1638 492 1703 542; x_wconf 76' lang='lat' dir='ltr'><strong>A.</strong></span> <span class='ocrx_word' id='word_1_4' title='bbox 1734 487 2016 560; x_wconf 71' lang='lat' dir='ltr'><strong>Walberg.</strong></span> 
     </span>
    </p>
   </div>
   <div class='ocr_carea' id='block_1_2' title="bbox 506 651 3036 3070">
    <p class='ocr_par' dir='ltr' id='par_1_2' title="bbox 519 651 3036 2058">
     <span class='ocr_line' id='line_1_2' title="bbox 533 651 3031 746; baseline 0.002 -21"><span class='ocrx_word' id='word_1_5' title='bbox 533 670 704 735; x_wconf 86' lang='lat' dir='ltr'><strong>runt,</strong></span> <span class='ocrx_word' id='word_1_6' title='bbox 757 668 828 724; x_wconf 87' lang='lat' dir='ltr'><strong>ut</strong></span> <span class='ocrx_word' id='word_1_7' title='bbox 882 661 952 734; x_wconf 81' lang='grc' dir='ltr'><strong>ὅς</strong></span> <span class='ocrx_word' id='word_1_8' title='bbox 1008 683 1122 744; x_wconf 88' lang='lat' dir='ltr'><strong>pro</strong></span> <span class='ocrx_word' id='word_1_9' title='bbox 1175 653 1566 743; x_wconf 55' lang='lat' dir='ltr'><strong>arpensem-¹),</strong></span> <span class='ocrx_word' id='word_1_10' title='bbox 1631 651 1819 743; x_wconf 77' lang='lat' dir='ltr'><strong>hoc²)</strong></span> <span class='ocrx_word' id='word_1_11' title='bbox 1874 668 1939 720; x_wconf 90' lang='lat' dir='ltr'><strong>et</strong></span> <span class='ocrx_word' id='word_1_12' title='bbox 1991 653 2223 744; x_wconf 57' lang='grc' dir='ltr'>σφόςῧ)</span> <span class='ocrx_word' id='word_1_13' title='bbox 2277 681 2391 742; x_wconf 92' lang='lat' dir='ltr'><strong>pro</strong></span> <span class='ocrx_word' id='word_1_14' title='bbox 2436 661 2544 724; x_wconf 91' lang='lat' dir='ltr'><strong>illo</strong></span> <span class='ocrx_word' id='word_1_15' title='bbox 2592 670 2657 725; x_wconf 91' lang='lat' dir='ltr'><strong>et</strong></span> <span class='ocrx_word' id='word_1_16' title='bbox 2706 661 2869 745; x_wconf 83' lang='grc' dir='ltr'><strong><em>σφός</em></strong></span> <span class='ocrx_word' id='word_1_17' title='bbox 2919 686 3031 746; x_wconf 89' lang='lat' dir='ltr'><strong>pro</strong></span> 
     </span>
     <span class='ocr_line' id='line_1_3' title="bbox 529 757 3034 847; baseline 0.001 -21"><span class='ocrx_word' id='word_1_18' title='bbox 529 757 882 847; x_wconf 66' lang='grc' dir='ltr'>ἧμέτερος4)</span> <span class='ocrx_word' id='word_1_19' title='bbox 935 770 1237 844; x_wconf 84' lang='lat' dir='ltr'><strong>usurpata</strong></span> <span class='ocrx_word' id='word_1_20' title='bbox 1281 761 1637 834; x_wconf 84' lang='lat' dir='ltr'><strong>videamus,</strong></span> <span class='ocrx_word' id='word_1_21' title='bbox 1692 760 1803 822; x_wconf 89' lang='lat' dir='ltr'><strong>sed</strong></span> <span class='ocrx_word' id='word_1_22' title='bbox 1848 761 2043 825; x_wconf 90' lang='lat' dir='ltr'><strong>multa</strong></span> <span class='ocrx_word' id='word_1_23' title='bbox 2086 762 2323 825; x_wconf 89' lang='lat' dir='ltr'><strong>habent</strong></span> <span class='ocrx_word' id='word_1_24' title='bbox 2375 762 2441 825; x_wconf 89' lang='lat' dir='ltr'><strong>in</strong></span> <span class='ocrx_word' id='word_1_25' title='bbox 2485 782 2601 825; x_wconf 90' lang='lat' dir='ltr'><strong>usu</strong></span> <span class='ocrx_word' id='word_1_26' title='bbox 2646 766 3034 845; x_wconf 77' lang='lat' dir='ltr'><strong>pronominis</strong></span> 
     </span>
     <span class='ocr_line' id='line_1_4' title="bbox 530 862 3033 947; baseline 0.001 -20"><span class='ocrx_word' id='word_1_27' title='bbox 530 864 938 939; x_wconf 78' lang='lat' dir='ltr'><strong>substantivi,</strong></span> <span class='ocrx_word' id='word_1_28' title='bbox 1003 885 1136 947; x_wconf 84' lang='lat' dir='ltr'><strong>quae</strong></span> <span class='ocrx_word' id='word_1_29' title='bbox 1187 882 1352 926; x_wconf 84' lang='lat' dir='ltr'><strong>nova</strong></span> <span class='ocrx_word' id='word_1_30' title='bbox 1407 870 1555 924; x_wconf 88' lang='lat' dir='ltr'><strong>sunt</strong></span> <span class='ocrx_word' id='word_1_31' title='bbox 1606 868 1669 923; x_wconf 89' lang='lat' dir='ltr'><strong>et</strong></span> <span class='ocrx_word' id='word_1_32' title='bbox 1723 881 1915 942; x_wconf 89' lang='lat' dir='ltr'><strong>usque</strong></span> <span class='ocrx_word' id='word_1_33' title='bbox 1969 882 2040 925; x_wconf 90' lang='lat' dir='ltr'><strong>eo</strong></span> <span class='ocrx_word' id='word_1_34' title='bbox 2095 863 2399 926; x_wconf 87' lang='lat' dir='ltr'><strong>inaudita.</strong></span> <span class='ocrx_word' id='word_1_35' title='bbox 2499 862 2897 946; x_wconf 79' lang='lat' dir='ltr'><strong>Quamquam</strong></span> <span class='ocrx_word' id='word_1_36' title='bbox 2958 869 3033 930; x_wconf 90' lang='lat' dir='ltr'><strong>de</strong></span> 
     </span>
     <span class='ocr_line' id='line_1_5' title="bbox 527 953 3036 1046; baseline 0.001 -18"><span class='ocrx_word' id='word_1_37' title='bbox 527 965 628 1028; x_wconf 89' lang='lat' dir='ltr'><strong>his</strong></span> <span class='ocrx_word' id='word_1_38' title='bbox 673 967 857 1029; x_wconf 91' lang='lat' dir='ltr'><strong>rebus</strong></span> <span class='ocrx_word' id='word_1_39' title='bbox 887 953 1332 1028; x_wconf 60' lang='lat' dir='ltr'><strong>¹difficillimum</strong></span> <span class='ocrx_word' id='word_1_40' title='bbox 1387 971 1484 1026; x_wconf 91' lang='lat' dir='ltr'><strong>est</strong></span> <span class='ocrx_word' id='word_1_41' title='bbox 1530 963 1834 1044; x_wconf 87' lang='lat' dir='ltr'><strong>judicium</strong></span> <span class='ocrx_word' id='word_1_42' title='bbox 1888 969 1951 1025; x_wconf 88' lang='lat' dir='ltr'><strong>et</strong></span> <span class='ocrx_word' id='word_1_43' title='bbox 1993 974 2253 1046; x_wconf 89' lang='lat' dir='ltr'><strong>propter</strong></span> <span class='ocrx_word' id='word_1_44' title='bbox 2296 964 2588 1028; x_wconf 88' lang='lat' dir='ltr'><strong>miseram</strong></span> <span class='ocrx_word' id='word_1_45' title='bbox 2633 972 2847 1029; x_wconf 87' lang='lat' dir='ltr'><strong>textus</strong></span> <span class='ocrx_word' id='word_1_46' title='bbox 2891 989 3036 1031; x_wconf 87' lang='lat' dir='ltr'><strong>ver-</strong></span> 
     </span>
     <span class='ocr_line' id='line_1_6' title="bbox 528 1062 3033 1149; baseline 0.001 -19"><span class='ocrx_word' id='word_1_47' title='bbox 528 1068 746 1130; x_wconf 90' lang='lat' dir='ltr'><strong>borum</strong></span> <span class='ocrx_word' id='word_1_48' title='bbox 805 1067 1223 1130; x_wconf 87' lang='lat' dir='ltr'><strong>conditionem</strong></span> <span class='ocrx_word' id='word_1_49' title='bbox 1274 1071 1338 1126; x_wconf 92' lang='lat' dir='ltr'><strong>et</strong></span> <span class='ocrx_word' id='word_1_50' title='bbox 1393 1065 1538 1145; x_wconf 87' lang='lat' dir='ltr'><strong>quia</strong></span> <span class='ocrx_word' id='word_1_51' title='bbox 1591 1064 1915 1144; x_wconf 89' lang='lat' dir='ltr'><strong>imperitus</strong></span> <span class='ocrx_word' id='word_1_52' title='bbox 1960 1073 2152 1146; x_wconf 85' lang='lat' dir='ltr'><strong>poeta</strong></span> <span class='ocrx_word' id='word_1_53' title='bbox 2204 1084 2548 1146; x_wconf 83' lang='lat' dir='ltr'><strong>pronomen</strong></span> <span class='ocrx_word' id='word_1_54' title='bbox 2592 1062 2662 1128; x_wconf 75' lang='grc' dir='ltr'><strong>οἷ</strong></span> <span class='ocrx_word' id='word_1_55' title='bbox 2706 1087 2873 1149; x_wconf 82' lang='lat' dir='ltr'><strong>saepe</strong></span> <span class='ocrx_word' id='word_1_56' title='bbox 2917 1070 3033 1132; x_wconf 85' lang='lat' dir='ltr'><strong>ad-</strong></span> 
     </span>
     <span class='ocr_line' id='line_1_7' title="bbox 527 1165 3032 1247; baseline 0.001 -17"><span class='ocrx_word' id='word_1_57' title='bbox 527 1168 748 1242; x_wconf 80' lang='lat' dir='ltr'><strong>scivit,</strong></span> <span class='ocrx_word' id='word_1_58' title='bbox 793 1175 864 1230; x_wconf 92' lang='lat' dir='ltr'><strong>ut</strong></span> <span class='ocrx_word' id='word_1_59' title='bbox 907 1187 1194 1230; x_wconf 87' lang='lat' dir='ltr'><strong>versuum</strong></span> <span class='ocrx_word' id='word_1_60' title='bbox 1243 1184 1535 1228; x_wconf 88' lang='lat' dir='ltr'><strong>numeros</strong></span> <span class='ocrx_word' id='word_1_61' title='bbox 1582 1165 1895 1246; x_wconf 84' lang='lat' dir='ltr'><strong>expleret3</strong></span> <span class='ocrx_word' id='word_1_62' title='bbox 1943 1185 2060 1247; x_wconf 89' lang='lat' dir='ltr'><strong>quo</strong></span> <span class='ocrx_word' id='word_1_63' title='bbox 2106 1167 2203 1240; x_wconf 86' lang='lat' dir='ltr'><strong>fit,</strong></span> <span class='ocrx_word' id='word_1_64' title='bbox 2250 1173 2319 1228; x_wconf 89' lang='lat' dir='ltr'><strong>ut</strong></span> <span class='ocrx_word' id='word_1_65' title='bbox 2361 1166 2531 1228; x_wconf 86' lang='lat' dir='ltr'><strong>haud</strong></span> <span class='ocrx_word' id='word_1_66' title='bbox 2577 1188 2721 1231; x_wconf 90' lang='lat' dir='ltr'><strong>raro</strong></span> <span class='ocrx_word' id='word_1_67' title='bbox 2768 1171 2843 1232; x_wconf 90' lang='lat' dir='ltr'><strong>de</strong></span> <span class='ocrx_word' id='word_1_68' title='bbox 2874 1171 2935 1232; x_wconf 90' lang='lat' dir='ltr'><strong>vi</strong></span> <span class='ocrx_word' id='word_1_69' title='bbox 2967 1179 3032 1233; x_wconf 92' lang='lat' dir='ltr'><strong>et</strong></span> 
     </span>
     <span class='ocr_line' id='line_1_8' title="bbox 526 1263 3025 1354; baseline 0.001 -24"><span class='ocrx_word' id='word_1_70' title='bbox 526 1268 979 1351; x_wconf 83' lang='lat' dir='ltr'><strong>significatione</strong></span> <span class='ocrx_word' id='word_1_71' title='bbox 1022 1269 1204 1350; x_wconf 90' lang='lat' dir='ltr'><strong>hujus</strong></span> <span class='ocrx_word' id='word_1_72' title='bbox 1250 1266 1640 1348; x_wconf 85' lang='lat' dir='ltr'><strong>pronominis</strong></span> <span class='ocrx_word' id='word_1_73' title='bbox 1685 1265 1841 1328; x_wconf 89' lang='lat' dir='ltr'><strong>nihil</strong></span> <span class='ocrx_word' id='word_1_74' title='bbox 1886 1286 1999 1347; x_wconf 92' lang='lat' dir='ltr'><strong>pro</strong></span> <span class='ocrx_word' id='word_1_75' title='bbox 2047 1274 2217 1329; x_wconf 90' lang='lat' dir='ltr'><strong>certo</strong></span> <span class='ocrx_word' id='word_1_76' title='bbox 2262 1267 2468 1348; x_wconf 80' lang='lat' dir='ltr'><strong>possit</strong></span> <span class='ocrx_word' id='word_1_77' title='bbox 2497 1263 2887 1354; x_wconf 80' lang='lat' dir='ltr'><strong>affirmari5).</strong></span> <span class='ocrx_word' id='word_1_78' title='bbox 2953 1272 3025 1335; x_wconf 93' lang='lat' dir='ltr'><strong>In</strong></span> 
     </span>
     <span class='ocr_line' id='line_1_9' title="bbox 530 1365 3029 1453; baseline 0.002 -23"><span class='ocrx_word' id='word_1_79' title='bbox 530 1370 691 1433; x_wconf 85' lang='lat'>1384</span> <span class='ocrx_word' id='word_1_80' title='bbox 745 1371 1032 1432; x_wconf 91' lang='lat' dir='ltr'><strong>versibus</strong></span> <span class='ocrx_word' id='word_1_81' title='bbox 1076 1369 1234 1431; x_wconf 89' lang='lat' dir='ltr'><strong>illud</strong></span> <span class='ocrx_word' id='word_1_82' title='bbox 1280 1365 1351 1430; x_wconf 72' lang='lat' dir='ltr'><strong>or</strong></span> <span class='ocrx_word' id='word_1_83' title='bbox 1400 1368 1540 1448; x_wconf 90' lang='lat' dir='ltr'><strong>plus</strong></span> <span class='ocrx_word' id='word_1_84' title='bbox 1598 1367 1703 1430; x_wconf 88' lang='lat' dir='ltr'><strong>CL</strong></span> <span class='ocrx_word' id='word_1_85' title='bbox 1749 1366 1905 1428; x_wconf 90' lang='lat' dir='ltr'><strong>locis</strong></span> <span class='ocrx_word' id='word_1_86' title='bbox 1952 1375 2193 1442; x_wconf 83' lang='lat' dir='ltr'><strong>exstat,</strong></span> <span class='ocrx_word' id='word_1_87' title='bbox 2253 1387 2512 1450; x_wconf 86' lang='lat' dir='ltr'><strong>quorum</strong></span> <span class='ocrx_word' id='word_1_88' title='bbox 2569 1371 2844 1434; x_wconf 89' lang='lat' dir='ltr'><strong>locorum</strong></span> <span class='ocrx_word' id='word_1_89' title='bbox 2893 1373 3029 1453; x_wconf 89' lang='lat' dir='ltr'><strong>plus</strong></span> 
     </span>
     <span class='ocr_line' id='line_1_10' title="bbox 524 1466 3028 1552; baseline 0.002 -20"><span class='ocrx_word' id='word_1_90' title='bbox 524 1471 777 1534; x_wconf 83' lang='lat' dir='ltr'><strong>tertiam</strong></span> <span class='ocrx_word' id='word_1_91' title='bbox 844 1478 1090 1552; x_wconf 89' lang='lat' dir='ltr'><strong>partem</strong></span> <span class='ocrx_word' id='word_1_92' title='bbox 1143 1469 1494 1532; x_wconf 88' lang='lat' dir='ltr'><strong>Hermanni</strong></span> <span class='ocrx_word' id='word_1_93' title='bbox 1551 1466 1928 1548; x_wconf 88' lang='lat' dir='ltr'><strong>conjecturis</strong></span> <span class='ocrx_word' id='word_1_94' title='bbox 1984 1468 2260 1531; x_wconf 84' lang='lat' dir='ltr'><strong>debitam</strong></span> <span class='ocrx_word' id='word_1_95' title='bbox 2318 1469 2373 1530; x_wconf 90' lang='lat' dir='ltr'><strong>si</strong></span> <span class='ocrx_word' id='word_1_96' title='bbox 2418 1473 3028 1550; x_wconf 76' lang='lat' dir='ltr'><strong>praetermiserimuS‚</strong></span> 
     </span>
     <span class='ocr_line' id='line_1_11' title="bbox 523 1569 3031 1651; baseline 0.001 -18"><span class='ocrx_word' id='word_1_97' title='bbox 523 1579 734 1634; x_wconf 89' lang='lat' dir='ltr'><strong>tamen</strong></span> <span class='ocrx_word' id='word_1_98' title='bbox 791 1572 1118 1634; x_wconf 87' lang='lat' dir='ltr'><strong>restabunt</strong></span> <span class='ocrx_word' id='word_1_99' title='bbox 1171 1572 1382 1645; x_wconf 90' lang='lat' dir='ltr'><strong>multi,</strong></span> <span class='ocrx_word' id='word_1_100' title='bbox 1448 1569 1554 1632; x_wconf 90' lang='lat' dir='ltr'><strong>ubi</strong></span> <span class='ocrx_word' id='word_1_101' title='bbox 1599 1587 1940 1650; x_wconf 90' lang='lat' dir='ltr'><strong>pronomen</strong></span> <span class='ocrx_word' id='word_1_102' title='bbox 1994 1576 2105 1632; x_wconf 91' lang='lat' dir='ltr'><strong>aut</strong></span> <span class='ocrx_word' id='word_1_103' title='bbox 2145 1589 2401 1651; x_wconf 91' lang='lat' dir='ltr'><strong>prorsus</strong></span> <span class='ocrx_word' id='word_1_104' title='bbox 2447 1571 2765 1635; x_wconf 86' lang='lat' dir='ltr'><strong>abundare</strong></span> <span class='ocrx_word' id='word_1_105' title='bbox 2810 1574 3031 1636; x_wconf 85' lang='lat' dir='ltr'><strong>videa-</strong></span> 
     </span>
     <span class='ocr_line' id='line_1_12' title="bbox 522 1662 3028 1757; baseline 0.001 -22"><span class='ocrx_word' id='word_1_106' title='bbox 522 1665 687 1757; x_wconf 78' lang='lat' dir='ltr'><strong>tur⁶)</strong></span> <span class='ocrx_word' id='word_1_107' title='bbox 732 1681 845 1735; x_wconf 86' lang='lat' dir='ltr'><strong>aut</strong></span> <span class='ocrx_word' id='word_1_108' title='bbox 892 1691 1008 1753; x_wconf 86' lang='lat' dir='ltr'><strong>pro</strong></span> <span class='ocrx_word' id='word_1_109' title='bbox 1053 1672 1281 1753; x_wconf 83' lang='lat' dir='ltr'><strong>plurali</strong></span> <span class='ocrx_word' id='word_1_110' title='bbox 1324 1671 1530 1734; x_wconf 73' lang='lat' dir='ltr'><strong>tertiae</strong></span> <span class='ocrx_word' id='word_1_111' title='bbox 1574 1662 1927 1751; x_wconf 80' lang='lat' dir='ltr'><strong>personae⁷)</strong></span> <span class='ocrx_word' id='word_1_112' title='bbox 1974 1679 2088 1732; x_wconf 89' lang='lat' dir='ltr'><strong>aut</strong></span> <span class='ocrx_word' id='word_1_113' title='bbox 2130 1662 2413 1753; x_wconf 58' lang='lat' dir='ltr'><strong>primaess)</strong></span> <span class='ocrx_word' id='word_1_114' title='bbox 2460 1672 2887 1753; x_wconf 87' lang='lat' dir='ltr'><strong>accipiendum</strong></span> <span class='ocrx_word' id='word_1_115' title='bbox 2924 1676 3028 1737; x_wconf 89' lang='lat' dir='ltr'><strong>sit.</strong></span> 
     </span>
     <span class='ocr_line' id='line_1_13' title="bbox 522 1763 3028 1857; baseline 0.001 -21"><span class='ocrx_word' id='word_1_116' title='bbox 522 1776 680 1857; x_wconf 64' lang='grc' dir='ltr'><strong>σφίν</strong></span> <span class='ocrx_word' id='word_1_117' title='bbox 723 1782 960 1847; x_wconf 86' lang='lat' dir='ltr'><strong>autem,</strong></span> <span class='ocrx_word' id='word_1_118' title='bbox 1007 1773 1169 1854; x_wconf 91' lang='lat' dir='ltr'><strong>quod</strong></span> <span class='ocrx_word' id='word_1_119' title='bbox 1212 1773 1363 1835; x_wconf 88' lang='lat' dir='ltr'><strong>item</strong></span> <span class='ocrx_word' id='word_1_120' title='bbox 1407 1771 1641 1853; x_wconf 84' lang='lat' dir='ltr'><strong>saepius</strong></span> <span class='ocrx_word' id='word_1_121' title='bbox 1687 1771 2002 1834; x_wconf 83' lang='lat' dir='ltr'><strong>abundare</strong></span> <span class='ocrx_word' id='word_1_122' title='bbox 2046 1763 2391 1854; x_wconf 80' lang='lat' dir='ltr'><strong>videtur⁹)‚</strong></span> <span class='ocrx_word' id='word_1_123' title='bbox 2438 1781 2546 1836; x_wconf 90' lang='lat' dir='ltr'><strong>aut</strong></span> <span class='ocrx_word' id='word_1_124' title='bbox 2574 1794 2689 1855; x_wconf 91' lang='lat' dir='ltr'><strong>pro</strong></span> <span class='ocrx_word' id='word_1_125' title='bbox 2722 1773 3028 1856; x_wconf 87' lang='lat' dir='ltr'><strong>singulari</strong></span> 
     </span>
     <span class='ocr_line' id='line_1_14' title="bbox 522 1869 3024 1958; baseline -0.001 -20"><span class='ocrx_word' id='word_1_126' title='bbox 522 1883 631 1938; x_wconf 88' lang='lat' dir='ltr'><strong>aut</strong></span> <span class='ocrx_word' id='word_1_127' title='bbox 693 1895 806 1958; x_wconf 91' lang='lat' dir='ltr'><strong>pro</strong></span> <span class='ocrx_word' id='word_1_128' title='bbox 873 1875 1147 1937; x_wconf 83' lang='lat' dir='ltr'><strong>secunda</strong></span> <span class='ocrx_word' id='word_1_129' title='bbox 1209 1891 1481 1956; x_wconf 84' lang='lat' dir='ltr'><strong>persona</strong></span> <span class='ocrx_word' id='word_1_130' title='bbox 1545 1871 1775 1952; x_wconf 87' lang='lat' dir='ltr'><strong>plurali</strong></span> <span class='ocrx_word' id='word_1_131' title='bbox 1842 1892 2106 1954; x_wconf 85' lang='lat' dir='ltr'><strong>usquam</strong></span> <span class='ocrx_word' id='word_1_132' title='bbox 2160 1873 2438 1955; x_wconf 89' lang='lat' dir='ltr'><strong>positum</strong></span> <span class='ocrx_word' id='word_1_133' title='bbox 2485 1869 2716 1957; x_wconf 67' lang='lat' dir='ltr'><strong>essem)</strong></span> <span class='ocrx_word' id='word_1_134' title='bbox 2769 1876 3024 1957; x_wconf 87' lang='lat' dir='ltr'><strong>probari</strong></span> 
     </span>
     <span class='ocr_line' id='line_1_15' title="bbox 519 1976 2047 2058; baseline -0.001 -20"><span class='ocrx_word' id='word_1_135' title='bbox 519 1976 630 2039; x_wconf 87' lang='lat' dir='ltr'><strong>vix</strong></span> <span class='ocrx_word' id='word_1_136' title='bbox 673 1976 928 2058; x_wconf 88' lang='lat' dir='ltr'><strong>poterit.</strong></span> <span class='ocrx_word' id='word_1_137' title='bbox 2032 2035 2047 2050; x_wconf 63' lang='grc'><strong>,</strong></span> 
     </span>
    </p>

    <p class='ocr_par' dir='ltr' id='par_1_3' title="bbox 506 2073 3027 3070">
     <span class='ocr_line' id='line_1_16' title="bbox 685 2073 3027 2159; baseline -0.001 -18"><span class='ocrx_word' id='word_1_138' title='bbox 685 2077 981 2141; x_wconf 84' lang='lat' dir='ltr'><strong>Vidimus</strong></span> <span class='ocrx_word' id='word_1_139' title='bbox 1035 2077 1230 2159; x_wconf 88' lang='lat' dir='ltr'><strong>igitur</strong></span> <span class='ocrx_word' id='word_1_140' title='bbox 1273 2095 1386 2159; x_wconf 88' lang='lat' dir='ltr'><strong>per</strong></span> <span class='ocrx_word' id='word_1_141' title='bbox 1430 2094 1643 2138; x_wconf 89' lang='lat' dir='ltr'><strong>omnes</strong></span> <span class='ocrx_word' id='word_1_142' title='bbox 1687 2073 1899 2155; x_wconf 89' lang='lat' dir='ltr'><strong>poesis</strong></span> <span class='ocrx_word' id='word_1_143' title='bbox 1946 2073 2181 2137; x_wconf 84' lang='lat' dir='ltr'><strong>Graecae</strong></span> <span class='ocrx_word' id='word_1_144' title='bbox 2228 2084 2449 2138; x_wconf 84' lang='lat' dir='ltr'><strong>aetates</strong></span> <span class='ocrx_word' id='word_1_145' title='bbox 2503 2077 2664 2138; x_wconf 89' lang='lat' dir='ltr'><strong>hanc</strong></span> <span class='ocrx_word' id='word_1_146' title='bbox 2706 2078 3027 2156; x_wconf 92' lang='lat' dir='ltr'><strong>pronomi-</strong></span> 
     </span>
     <span class='ocr_line' id='line_1_17' title="bbox 517 2175 3023 2257; baseline -0.002 -15"><span class='ocrx_word' id='word_1_147' title='bbox 517 2199 662 2242; x_wconf 90' lang='lat' dir='ltr'><strong>num</strong></span> <span class='ocrx_word' id='word_1_148' title='bbox 709 2178 1140 2241; x_wconf 84' lang='lat' dir='ltr'><strong>confusionem</strong></span> <span class='ocrx_word' id='word_1_149' title='bbox 1187 2178 1490 2240; x_wconf 87' lang='lat' dir='ltr'><strong>obtinere.</strong></span> <span class='ocrx_word' id='word_1_150' title='bbox 1577 2177 1724 2239; x_wconf 89' lang='lat' dir='ltr'><strong>Jam</strong></span> <span class='ocrx_word' id='word_1_151' title='bbox 1772 2175 2091 2238; x_wconf 89' lang='lat' dir='ltr'><strong>doctorum</strong></span> <span class='ocrx_word' id='word_1_152' title='bbox 2137 2185 2463 2257; x_wconf 88' lang='lat' dir='ltr'><strong>poetarum</strong></span> <span class='ocrx_word' id='word_1_153' title='bbox 2505 2197 2686 2250; x_wconf 86' lang='lat' dir='ltr'><strong>usus,</strong></span> <span class='ocrx_word' id='word_1_154' title='bbox 2734 2176 3023 2238; x_wconf 84' lang='lat' dir='ltr'><strong>Antima-</strong></span> 
     </span>
     <span class='ocr_line' id='line_1_18' title="bbox 520 2276 3022 2359; baseline -0.001 -16"><span class='ocrx_word' id='word_1_155' title='bbox 520 2280 795 2353; x_wconf 87' lang='lat' dir='ltr'><strong>chorum‚</strong></span> <span class='ocrx_word' id='word_1_156' title='bbox 840 2279 1388 2353; x_wconf 84' lang='lat' dir='ltr'><strong>Callimachorum,</strong></span> <span class='ocrx_word' id='word_1_157' title='bbox 1433 2276 1937 2359; x_wconf 89' lang='lat' dir='ltr'><strong>Apolloniorum‚</strong></span> <span class='ocrx_word' id='word_1_158' title='bbox 1991 2277 2073 2338; x_wconf 87' lang='lat' dir='ltr'><strong>ad</strong></span> <span class='ocrx_word' id='word_1_159' title='bbox 2104 2297 2449 2341; x_wconf 89' lang='lat' dir='ltr'><strong>sermonem</strong></span> <span class='ocrx_word' id='word_1_160' title='bbox 2482 2276 2790 2353; x_wconf 83' lang='lat' dir='ltr'><strong>Graecum‚</strong></span> <span class='ocrx_word' id='word_1_161' title='bbox 2822 2278 3022 2359; x_wconf 86' lang='lat' dir='ltr'><strong>qualis</strong></span> 
     </span>
     <span class='ocr_line' id='line_1_19' title="bbox 516 2377 3026 2462; baseline -0.002 -18"><span class='ocrx_word' id='word_1_162' title='bbox 516 2381 796 2462; x_wconf 89' lang='lat' dir='ltr'><strong>ipsorum</strong></span> <span class='ocrx_word' id='word_1_163' title='bbox 824 2379 1210 2462; x_wconf 85' lang='lat' dir='ltr'><strong>temporibus</strong></span> <span class='ocrx_word' id='word_1_164' title='bbox 1242 2379 1453 2453; x_wconf 86' lang='lat' dir='ltr'><strong>fuerit,</strong></span> <span class='ocrx_word' id='word_1_165' title='bbox 1495 2377 2012 2460; x_wconf 83' lang='lat' dir='ltr'><strong>cognoscendum,</strong></span> <span class='ocrx_word' id='word_1_166' title='bbox 2043 2397 2265 2459; x_wconf 87' lang='lat' dir='ltr'><strong>parum</strong></span> <span class='ocrx_word' id='word_1_167' title='bbox 2294 2380 2485 2452; x_wconf 87' lang='lat' dir='ltr'><strong>valet,</strong></span> <span class='ocrx_word' id='word_1_168' title='bbox 2518 2399 2703 2460; x_wconf 90' lang='lat' dir='ltr'><strong>quum</strong></span> <span class='ocrx_word' id='word_1_169' title='bbox 2734 2379 3026 2441; x_wconf 87' lang='lat' dir='ltr'><strong>doctissi-</strong></span> 
     </span>
     <span class='ocr_line' id='line_1_20' title="bbox 516 2478 3026 2565; baseline -0.001 -19"><span class='ocrx_word' id='word_1_170' title='bbox 516 2501 652 2546; x_wconf 89' lang='lat' dir='ltr'><strong>mus</strong></span> <span class='ocrx_word' id='word_1_171' title='bbox 697 2481 957 2565; x_wconf 88' lang='lat' dir='ltr'><strong>quisque</strong></span> <span class='ocrx_word' id='word_1_172' title='bbox 1003 2500 1239 2544; x_wconf 87' lang='lat' dir='ltr'><strong>summa</strong></span> <span class='ocrx_word' id='word_1_173' title='bbox 1286 2479 1618 2561; x_wconf 87' lang='lat' dir='ltr'><strong>diligentia</strong></span> <span class='ocrx_word' id='word_1_174' title='bbox 1674 2498 1754 2542; x_wconf 86' lang='lat' dir='ltr'><strong>ex</strong></span> <span class='ocrx_word' id='word_1_175' title='bbox 1798 2478 2197 2560; x_wconf 88' lang='lat' dir='ltr'><strong>antiquorum</strong></span> <span class='ocrx_word' id='word_1_176' title='bbox 2244 2480 2616 2562; x_wconf 91' lang='lat' dir='ltr'><strong>scriptorum</strong></span> <span class='ocrx_word' id='word_1_177' title='bbox 2665 2498 3026 2544; x_wconf 89' lang='lat' dir='ltr'><strong>monumen-</strong></span> 
     </span>
     <span class='ocr_line' id='line_1_21' title="bbox 513 2578 3025 2663; baseline -0 -18"><span class='ocrx_word' id='word_1_178' title='bbox 513 2583 600 2646; x_wconf 88' lang='lat' dir='ltr'><strong>tis</strong></span> <span class='ocrx_word' id='word_1_179' title='bbox 653 2581 1015 2662; x_wconf 88' lang='lat' dir='ltr'><strong>hujusmodi</strong></span> <span class='ocrx_word' id='word_1_180' title='bbox 1071 2589 1442 2645; x_wconf 86' lang='lat' dir='ltr'><strong>ornamenta</strong></span> <span class='ocrx_word' id='word_1_181' title='bbox 1487 2579 1913 2661; x_wconf 84' lang='lat' dir='ltr'><strong>conquisierit.</strong></span> <span class='ocrx_word' id='word_1_182' title='bbox 2003 2578 2217 2651; x_wconf 80' lang='lat' dir='ltr'><strong>Quare</strong></span> <span class='ocrx_word' id='word_1_183' title='bbox 2272 2582 2348 2643; x_wconf 89' lang='lat' dir='ltr'><strong>de</strong></span> <span class='ocrx_word' id='word_1_184' title='bbox 2392 2579 2820 2663; x_wconf 88' lang='lat' dir='ltr'><strong>superioribus</strong></span> <span class='ocrx_word' id='word_1_185' title='bbox 2863 2588 3025 2644; x_wconf 88' lang='lat' dir='ltr'><strong>tem-</strong></span> 
     </span>
     <span class='ocr_line' id='line_1_22' title="bbox 513 2682 3023 2768; baseline -0.003 -18"><span class='ocrx_word' id='word_1_186' title='bbox 513 2685 806 2768; x_wconf 86' lang='lat' dir='ltr'><strong>poribus,</strong></span> <span class='ocrx_word' id='word_1_187' title='bbox 870 2702 994 2749; x_wconf 90' lang='lat' dir='ltr'><strong>non</strong></span> <span class='ocrx_word' id='word_1_188' title='bbox 1062 2684 1137 2747; x_wconf 86' lang='lat' dir='ltr'><strong>de</strong></span> <span class='ocrx_word' id='word_1_189' title='bbox 1193 2683 1321 2745; x_wconf 89' lang='lat' dir='ltr'><strong>suis</strong></span> <span class='ocrx_word' id='word_1_190' title='bbox 1378 2682 1446 2745; x_wconf 90' lang='lat' dir='ltr'><strong>hi</strong></span> <span class='ocrx_word' id='word_1_191' title='bbox 1499 2690 1701 2763; x_wconf 68' lang='lat' dir='ltr'><strong>poetae</strong></span> <span class='ocrx_word' id='word_1_192' title='bbox 1760 2682 2187 2745; x_wconf 87' lang='lat' dir='ltr'><strong>testimonium</strong></span> <span class='ocrx_word' id='word_1_193' title='bbox 2247 2683 2496 2748; x_wconf 86' lang='lat' dir='ltr'><strong>dedisse</strong></span> <span class='ocrx_word' id='word_1_194' title='bbox 2551 2683 2817 2765; x_wconf 90' lang='lat' dir='ltr'><strong>putandi</strong></span> <span class='ocrx_word' id='word_1_195' title='bbox 2863 2693 3023 2746; x_wconf 87' lang='lat' dir='ltr'><strong>sunt.</strong></span> 
     </span>
     <span class='ocr_line' id='line_1_23' title="bbox 511 2782 3021 2871; baseline -0.002 -21"><span class='ocrx_word' id='word_1_196' title='bbox 511 2785 639 2871; x_wconf 75' lang='lat' dir='ltr'><strong>Sed</strong></span> <span class='ocrx_word' id='word_1_197' title='bbox 705 2784 1039 2868; x_wconf 83' lang='lat' dir='ltr'><strong>aequalium</strong></span> <span class='ocrx_word' id='word_1_198' title='bbox 1108 2784 1399 2866; x_wconf 91' lang='lat' dir='ltr'><strong>loquendi</strong></span> <span class='ocrx_word' id='word_1_199' title='bbox 1465 2782 1977 2846; x_wconf 87' lang='lat' dir='ltr'><strong>consuetudinem</strong></span> <span class='ocrx_word' id='word_1_200' title='bbox 2044 2783 2263 2847; x_wconf 77' lang='lat' dir='ltr'><strong>solutae</strong></span> <span class='ocrx_word' id='word_1_201' title='bbox 2320 2784 2627 2848; x_wconf 86' lang='lat' dir='ltr'><strong>orationis</strong></span> <span class='ocrx_word' id='word_1_202' title='bbox 2682 2783 3021 2865; x_wconf 87' lang='lat' dir='ltr'><strong>scriptores</strong></span> 
     </span>
     <span class='ocr_line' id='line_1_24' title="bbox 509 2884 3015 2968; baseline -0.002 -18"><span class='ocrx_word' id='word_1_203' title='bbox 509 2887 762 2962; x_wconf 84' lang='lat' dir='ltr'><strong>docent3</strong></span> <span class='ocrx_word' id='word_1_204' title='bbox 809 2887 978 2967; x_wconf 88' lang='lat' dir='ltr'><strong>apud</strong></span> <span class='ocrx_word' id='word_1_205' title='bbox 1023 2905 1177 2968; x_wconf 92' lang='lat' dir='ltr'><strong>quos</strong></span> <span class='ocrx_word' id='word_1_206' title='bbox 1221 2886 1481 2949; x_wconf 88' lang='lat' dir='ltr'><strong>eundem</strong></span> <span class='ocrx_word' id='word_1_207' title='bbox 1527 2884 1961 2966; x_wconf 90' lang='lat' dir='ltr'><strong>pronominum</strong></span> <span class='ocrx_word' id='word_1_208' title='bbox 2004 2904 2210 2959; x_wconf 89' lang='lat' dir='ltr'><strong>usum,</strong></span> <span class='ocrx_word' id='word_1_209' title='bbox 2256 2888 2375 2950; x_wconf 88' lang='lat' dir='ltr'><strong>etsi</strong></span> <span class='ocrx_word' id='word_1_210' title='bbox 2422 2886 2629 2951; x_wconf 89' lang='lat' dir='ltr'><strong>minus</strong></span> <span class='ocrx_word' id='word_1_211' title='bbox 2674 2884 2917 2947; x_wconf 88' lang='lat' dir='ltr'><strong>varium</strong></span> <span class='ocrx_word' id='word_1_212' title='bbox 2950 2891 3015 2945; x_wconf 90' lang='lat' dir='ltr'><strong>et</strong></span> 
     </span>
     <span class='ocr_line' id='line_1_25' title="bbox 506 2984 3013 3070; baseline -0.002 -19"><span class='ocrx_word' id='word_1_213' title='bbox 506 2987 954 3070; x_wconf 87' lang='lat' dir='ltr'><strong>multiplicem,</strong></span> <span class='ocrx_word' id='word_1_214' title='bbox 1010 2984 1274 3069; x_wconf 80' lang='lat' dir='ltr'><strong>reperiri</strong></span> <span class='ocrx_word' id='word_1_215' title='bbox 1322 2985 1726 3049; x_wconf 87' lang='lat' dir='ltr'><strong>ostendimus.</strong></span> <span class='ocrx_word' id='word_1_216' title='bbox 1818 2984 1912 3046; x_wconf 90' lang='lat' dir='ltr'><strong>At</strong></span> <span class='ocrx_word' id='word_1_217' title='bbox 1954 2984 2117 3047; x_wconf 90' lang='lat' dir='ltr'><strong>enirn</strong></span> <span class='ocrx_word' id='word_1_218' title='bbox 2162 2985 2229 3048; x_wconf 90' lang='lat' dir='ltr'><strong>hi</strong></span> <span class='ocrx_word' id='word_1_219' title='bbox 2272 2988 2614 3069; x_wconf 85' lang='lat' dir='ltr'><strong>scriptores</strong></span> <span class='ocrx_word' id='word_1_220' title='bbox 2658 2984 2898 3067; x_wconf 82' lang='lat' dir='ltr'><strong>pariter</strong></span> <span class='ocrx_word' id='word_1_221' title='bbox 2939 3003 3013 3046; x_wconf 86' lang='lat' dir='ltr'><strong>ac</strong></span> 
     </span>
    </p>
   </div>
   <div class='ocr_carea' id='block_1_3' title="bbox 503 3116 899 3131">
    <p class='ocr_par' dir='ltr' id='par_1_4' title="bbox 503 3116 899 3131">
     <span class='ocr_line' id='line_1_26' title="bbox 503 3116 899 3131; baseline 0 0"><span class='ocrx_word' id='word_1_222' title='bbox 503 3116 899 3131; x_wconf 95' lang='lat' dir='ltr'><strong> </strong></span> 
     </span>
    </p>
   </div>
   <div class='ocr_carea' id='block_1_4' title="bbox 498 3162 3079 4775">
    <p class='ocr_par' dir='ltr' id='par_1_5' title="bbox 505 3162 3009 3317">
     <span class='ocr_line' id='line_1_27' title="bbox 645 3162 3009 3235; baseline -0.002 -16"><span class='ocrx_word' id='word_1_223' title='bbox 645 3168 678 3228; x_wconf 88' lang='lat'><strong>¹)</strong></span> <span class='ocrx_word' id='word_1_224' title='bbox 718 3168 1317 3235; x_wconf 76' lang='lat' dir='ltr'><strong>Argonauticornm</strong></span> <span class='ocrx_word' id='word_1_225' title='bbox 1364 3181 1408 3214; x_wconf 80' lang='lat' dir='ltr'><strong>v.</strong></span> <span class='ocrx_word' id='word_1_226' title='bbox 1447 3162 1552 3215; x_wconf 88' lang='grc'><strong>358</strong></span> <span class='ocrx_word' id='word_1_227' title='bbox 1595 3163 1943 3225; x_wconf 73' lang='lat' dir='ltr'><strong>(Hei-mannus</strong></span> <span class='ocrx_word' id='word_1_228' title='bbox 1978 3162 2064 3231; x_wconf 74' lang='grc' dir='ltr'><strong>ἑῆς</strong></span> <span class='ocrx_word' id='word_1_229' title='bbox 2098 3166 2152 3216; x_wconf 90' lang='lat' dir='ltr'><strong>in</strong></span> <span class='ocrx_word' id='word_1_230' title='bbox 2187 3171 2384 3217; x_wconf 82' lang='lat' dir='ltr'><strong>textum</strong></span> <span class='ocrx_word' id='word_1_231' title='bbox 2419 3175 2678 3233; x_wconf 83' lang='lat' dir='ltr'><strong>receptum</strong></span> <span class='ocrx_word' id='word_1_232' title='bbox 2711 3182 2757 3231; x_wconf 81' lang='lat' dir='ltr'><strong>p.</strong></span> <span class='ocrx_word' id='word_1_233' title='bbox 2794 3164 2896 3215; x_wconf 90' lang='grc'><strong>815</strong></span> <span class='ocrx_word' id='word_1_234' title='bbox 2933 3178 3009 3215; x_wconf 80' lang='lat' dir='ltr'><strong>re·</strong></span> 
     </span>
     <span class='ocr_line' id='line_1_28' title="bbox 505 3250 1326 3317; baseline -0.005 -13"><span class='ocrx_word' id='word_1_235' title='bbox 505 3254 780 3317; x_wconf 79' lang='lat' dir='ltr'><strong>tractavit).</strong></span> <span class='ocrx_word' id='word_1_236' title='bbox 827 3253 947 3311; x_wconf 80' lang='lat'><strong>441,</strong></span> <span class='ocrx_word' id='word_1_237' title='bbox 990 3251 1137 3310; x_wconf 86' lang='lat'><strong>1122.</strong></span> <span class='ocrx_word' id='word_1_238' title='bbox 1179 3250 1326 3303; x_wconf 85' lang='grc'><strong>1292.</strong></span> 
     </span>
    </p>

    <p class='ocr_par' dir='ltr' id='par_1_6' title="bbox 646 3332 2922 3402">
     <span class='ocr_line' id='line_1_29' title="bbox 646 3332 2922 3402; baseline 0 -16"><span class='ocrx_word' id='word_1_239' title='bbox 646 3337 688 3400; x_wconf 78' lang='lat'><strong>²)</strong></span> <span class='ocrx_word' id='word_1_240' title='bbox 723 3354 770 3387; x_wconf 85' lang='lat' dir='ltr'><strong>v.</strong></span> <span class='ocrx_word' id='word_1_241' title='bbox 806 3335 922 3388; x_wconf 89' lang='grc'><strong>731.</strong></span> <span class='ocrx_word' id='word_1_242' title='bbox 1379 3332 1420 3402; x_wconf 78' lang='lat'><strong>³)</strong></span> <span class='ocrx_word' id='word_1_243' title='bbox 1454 3353 1500 3385; x_wconf 80' lang='lat' dir='ltr'><strong>v.</strong></span> <span class='ocrx_word' id='word_1_244' title='bbox 1539 3333 1656 3395; x_wconf 89' lang='grc'><strong>583,</strong></span> <span class='ocrx_word' id='word_1_245' title='bbox 1691 3334 1813 3395; x_wconf 88' lang='grc'><strong>868,</strong></span> <span class='ocrx_word' id='word_1_246' title='bbox 1850 3338 1969 3396; x_wconf 83' lang='grc'><strong>945,</strong></span> <span class='ocrx_word' id='word_1_247' title='bbox 2009 3336 2153 3389; x_wconf 86' lang='grc'><strong>1329.</strong></span> <span class='ocrx_word' id='word_1_248' title='bbox 2606 3333 2651 3400; x_wconf 82' lang='lat'><strong>⁴)</strong></span> <span class='ocrx_word' id='word_1_249' title='bbox 2686 3354 2731 3385; x_wconf 80' lang='lat' dir='ltr'><strong>v.</strong></span> <span class='ocrx_word' id='word_1_250' title='bbox 2774 3334 2922 3390; x_wconf 79' lang='lat'><strong>1149.</strong></span> 
     </span>
    </p>

    <p class='ocr_par' dir='ltr' id='par_1_7' title="bbox 502 3420 3079 3660">
     <span class='ocr_line' id='line_1_30' title="bbox 643 3420 3012 3490; baseline 0 -19"><span class='ocrx_word' id='word_1_251' title='bbox 643 3420 686 3487; x_wconf 76' lang='lat'><strong>⁸)</strong></span> <span class='ocrx_word' id='word_1_252' title='bbox 729 3421 894 3483; x_wconf 81' lang='lat' dir='ltr'><strong>Quam</strong></span> <span class='ocrx_word' id='word_1_253' title='bbox 943 3424 1004 3474; x_wconf 87' lang='lat' dir='ltr'><strong>ob</strong></span> <span class='ocrx_word' id='word_1_254' title='bbox 1040 3438 1245 3474; x_wconf 81' lang='lat' dir='ltr'><strong>cansam</strong></span> <span class='ocrx_word' id='word_1_255' title='bbox 1294 3422 1381 3488; x_wconf 87' lang='lat' dir='ltr'><strong>qni</strong></span> <span class='ocrx_word' id='word_1_256' title='bbox 1427 3421 1580 3484; x_wconf 88' lang='lat' dir='ltr'><strong>hujus</strong></span> <span class='ocrx_word' id='word_1_257' title='bbox 1615 3426 1863 3486; x_wconf 80' lang='lat' dir='ltr'><strong>poematis</strong></span> <span class='ocrx_word' id='word_1_258' title='bbox 1901 3425 2146 3475; x_wconf 81' lang='lat' dir='ltr'><strong>rationem</strong></span> <span class='ocrx_word' id='word_1_259' title='bbox 2184 3422 2358 3489; x_wconf 79' lang='lat' dir='ltr'><strong>paullo</strong></span> <span class='ocrx_word' id='word_1_260' title='bbox 2394 3422 2690 3490; x_wconf 75' lang='lat' dir='ltr'><strong>diligentius</strong></span> <span class='ocrx_word' id='word_1_261' title='bbox 2725 3423 3012 3474; x_wconf 84' lang='lat' dir='ltr'><strong>considera·</strong></span> 
     </span>
     <span class='ocr_line' id='line_1_31' title="bbox 502 3507 3079 3575; baseline -0.001 -16"><span class='ocrx_word' id='word_1_262' title='bbox 502 3510 657 3568; x_wconf 80' lang='lat' dir='ltr'><strong>verit,</strong></span> <span class='ocrx_word' id='word_1_263' title='bbox 703 3512 750 3561; x_wconf 89' lang='lat' dir='ltr'><strong>is</strong></span> <span class='ocrx_word' id='word_1_264' title='bbox 785 3524 885 3559; x_wconf 90' lang='lat' dir='ltr'><strong>non</strong></span> <span class='ocrx_word' id='word_1_265' title='bbox 930 3509 1082 3558; x_wconf 87' lang='lat' dir='ltr'><strong>nimis</strong></span> <span class='ocrx_word' id='word_1_266' title='bbox 1129 3509 1396 3559; x_wconf 83' lang='lat' dir='ltr'><strong>mirabitur</strong></span> <span class='ocrx_word' id='word_1_267' title='bbox 1430 3507 1711 3559; x_wconf 79' lang='lat' dir='ltr'><strong>Hermanni</strong></span> <span class='ocrx_word' id='word_1_268' title='bbox 1747 3512 2171 3567; x_wconf 79' lang='lat' dir='ltr'><strong>inconstantiam.</strong></span> <span class='ocrx_word' id='word_1_269' title='bbox 2218 3511 2305 3574; x_wconf 86' lang='lat' dir='ltr'><strong>qui</strong></span> <span class='ocrx_word' id='word_1_270' title='bbox 2352 3510 2533 3575; x_wconf 65' lang='lat' dir='ltr'><strong>sapius</strong></span> <span class='ocrx_word' id='word_1_271' title='bbox 2578 3508 2707 3558; x_wconf 79' lang='lat' dir='ltr'><strong>alias</strong></span> <span class='ocrx_word' id='word_1_272' title='bbox 2754 3510 2807 3558; x_wconf 87' lang='lat' dir='ltr'><strong>in</strong></span> <span class='ocrx_word' id='word_1_273' title='bbox 2853 3508 3009 3564; x_wconf 83' lang='lat' dir='ltr'><strong>notis,</strong></span> <span class='ocrx_word' id='word_1_274' title='bbox 3072 3532 3079 3539; x_wconf 91' lang='lat'><strong>·</strong></span> 
     </span>
     <span class='ocr_line' id='line_1_32' title="bbox 502 3594 2418 3660; baseline 0 -16"><span class='ocrx_word' id='word_1_275' title='bbox 502 3596 632 3646; x_wconf 79' lang='lat' dir='ltr'><strong>alias</strong></span> <span class='ocrx_word' id='word_1_276' title='bbox 669 3596 723 3645; x_wconf 89' lang='lat' dir='ltr'><strong>in</strong></span> <span class='ocrx_word' id='word_1_277' title='bbox 760 3594 1102 3657; x_wconf 79' lang='lat' dir='ltr'><strong>disputatione</strong></span> <span class='ocrx_word' id='word_1_278' title='bbox 1135 3595 1360 3659; x_wconf 80' lang='lat' dir='ltr'><strong>adjecta,</strong></span> <span class='ocrx_word' id='word_1_279' title='bbox 1396 3595 1522 3644; x_wconf 86' lang='lat' dir='ltr'><strong>alias</strong></span> <span class='ocrx_word' id='word_1_280' title='bbox 1559 3596 1612 3644; x_wconf 85' lang='lat' dir='ltr'><strong>in</strong></span> <span class='ocrx_word' id='word_1_281' title='bbox 1648 3595 1813 3646; x_wconf 86' lang='lat' dir='ltr'><strong>indice</strong></span> <span class='ocrx_word' id='word_1_282' title='bbox 1850 3598 2125 3647; x_wconf 85' lang='lat' dir='ltr'><strong>sententias</strong></span> <span class='ocrx_word' id='word_1_283' title='bbox 2154 3603 2418 3660; x_wconf 77' lang='lat' dir='ltr'><strong>proponat.</strong></span> 
     </span>
    </p>

    <p class='ocr_par' dir='ltr' id='par_1_8' title="bbox 500 3676 3013 4001">
     <span class='ocr_line' id='line_1_33' title="bbox 643 3676 3009 3747; baseline -0 -18"><span class='ocrx_word' id='word_1_284' title='bbox 643 3678 686 3743; x_wconf 81' lang='lat'><strong>⁸)</strong></span> <span class='ocrx_word' id='word_1_285' title='bbox 728 3678 802 3729; x_wconf 84' lang='lat' dir='ltr'><strong>Ut</strong></span> <span class='ocrx_word' id='word_1_286' title='bbox 847 3696 889 3728; x_wconf 86' lang='lat' dir='ltr'><strong>v.</strong></span> <span class='ocrx_word' id='word_1_287' title='bbox 931 3676 1047 3736; x_wconf 82' lang='lat'><strong>174.</strong></span> <span class='ocrx_word' id='word_1_288' title='bbox 1085 3676 1203 3736; x_wconf 87' lang='grc'><strong>272,</strong></span> <span class='ocrx_word' id='word_1_289' title='bbox 1239 3679 1359 3738; x_wconf 82' lang='grc'><strong>285,</strong></span> <span class='ocrx_word' id='word_1_290' title='bbox 1397 3679 1498 3732; x_wconf 87' lang='grc'><strong>293</strong></span> <span class='ocrx_word' id='word_1_291' title='bbox 1545 3682 1641 3747; x_wconf 71' lang='lat' dir='ltr'><strong>(ita</strong></span> <span class='ocrx_word' id='word_1_292' title='bbox 1677 3681 1853 3731; x_wconf 86' lang='lat' dir='ltr'><strong>Herm.</strong></span> <span class='ocrx_word' id='word_1_293' title='bbox 1893 3695 2093 3747; x_wconf 84' lang='lat' dir='ltr'><strong>quoqne</strong></span> <span class='ocrx_word' id='word_1_294' title='bbox 2138 3683 2192 3731; x_wconf 90' lang='lat' dir='ltr'><strong>in</strong></span> <span class='ocrx_word' id='word_1_295' title='bbox 2226 3681 2396 3732; x_wconf 78' lang='lat' dir='ltr'><strong>indico</strong></span> <span class='ocrx_word' id='word_1_296' title='bbox 2440 3681 2493 3731; x_wconf 89' lang='lat' dir='ltr'><strong>in</strong></span> <span class='ocrx_word' id='word_1_297' title='bbox 2529 3680 2854 3730; x_wconf 66' lang='lat' dir='ltr'><strong>annotatione</strong></span> <span class='ocrx_word' id='word_1_298' title='bbox 2900 3691 3009 3728; x_wconf 80' lang='lat' dir='ltr'><strong>ver·</strong></span> 
     </span>
     <span class='ocr_line' id='line_1_34' title="bbox 502 3761 3012 3831; baseline -0 -15"><span class='ocrx_word' id='word_1_299' title='bbox 502 3768 583 3817; x_wconf 87' lang='lat' dir='ltr'><strong>sui</strong></span> <span class='ocrx_word' id='word_1_300' title='bbox 621 3766 848 3828; x_wconf 79' lang='lat' dir='ltr'><strong>subjecta</strong></span> <span class='ocrx_word' id='word_1_301' title='bbox 881 3764 1016 3814; x_wconf 86' lang='lat' dir='ltr'><strong>idem</strong></span> <span class='ocrx_word' id='word_1_302' title='bbox 1048 3772 1202 3829; x_wconf 83' lang='lat' dir='ltr'><strong>atque</strong></span> <span class='ocrx_word' id='word_1_303' title='bbox 1237 3764 1296 3816; x_wconf 67' lang='grc' dir='ltr'><strong>ἐν</strong></span> <span class='ocrx_word' id='word_1_304' title='bbox 1329 3763 1457 3830; x_wconf 66' lang='grc' dir='ltr'><strong>ἡμῖν</strong></span> <span class='ocrx_word' id='word_1_305' title='bbox 1492 3781 1604 3817; x_wconf 88' lang='lat' dir='ltr'><strong>esse</strong></span> <span class='ocrx_word' id='word_1_306' title='bbox 1641 3768 1934 3831; x_wconf 70' lang='lat' dir='ltr'><strong>statuerat).</strong></span> <span class='ocrx_word' id='word_1_307' title='bbox 1971 3765 2090 3824; x_wconf 90' lang='grc'><strong>298,</strong></span> <span class='ocrx_word' id='word_1_308' title='bbox 2127 3764 2247 3824; x_wconf 90' lang='grc'><strong>396,</strong></span> <span class='ocrx_word' id='word_1_309' title='bbox 2284 3766 2401 3824; x_wconf 88' lang='grc'><strong>535,</strong></span> <span class='ocrx_word' id='word_1_310' title='bbox 2439 3763 2557 3823; x_wconf 86' lang='grc'><strong>536,</strong></span> <span class='ocrx_word' id='word_1_311' title='bbox 2594 3764 2711 3824; x_wconf 86' lang='grc'><strong>591,</strong></span> <span class='ocrx_word' id='word_1_312' title='bbox 2744 3761 2866 3822; x_wconf 86' lang='grc'><strong>737,</strong></span> <span class='ocrx_word' id='word_1_313' title='bbox 2891 3763 3012 3823; x_wconf 94' lang='grc'><strong>821,</strong></span> 
     </span>
     <span class='ocr_line' id='line_1_35' title="bbox 504 3846 3013 3918; baseline -0.001 -17"><span class='ocrx_word' id='word_1_314' title='bbox 504 3850 655 3909; x_wconf 89' lang='grc'><strong>1029,</strong></span> <span class='ocrx_word' id='word_1_315' title='bbox 695 3850 843 3910; x_wconf 74' lang='lat'><strong>1141,</strong></span> <span class='ocrx_word' id='word_1_316' title='bbox 886 3848 1032 3909; x_wconf 89' lang='grc'><strong>1262,</strong></span> <span class='ocrx_word' id='word_1_317' title='bbox 1070 3846 1218 3902; x_wconf 89' lang='grc'><strong>1316.</strong></span> <span class='ocrx_word' id='word_1_318' title='bbox 1295 3846 1614 3915; x_wconf 78' lang='lat' dir='ltr'><strong>Quamquam</strong></span> <span class='ocrx_word' id='word_1_319' title='bbox 1661 3867 1764 3902; x_wconf 89' lang='lat' dir='ltr'><strong>non</strong></span> <span class='ocrx_word' id='word_1_320' title='bbox 1808 3858 1979 3918; x_wconf 56' lang='lat' dir='ltr'><strong>nego?</strong></span> <span class='ocrx_word' id='word_1_321' title='bbox 2013 3852 2304 3903; x_wconf 82' lang='lat' dir='ltr'><strong>reflexivam</strong></span> <span class='ocrx_word' id='word_1_322' title='bbox 2340 3850 2597 3917; x_wconf 81' lang='lat' dir='ltr'><strong>quandam</strong></span> <span class='ocrx_word' id='word_1_323' title='bbox 2633 3852 2734 3901; x_wconf 81' lang='lat' dir='ltr'><strong>vim</strong></span> <span class='ocrx_word' id='word_1_324' title='bbox 2770 3850 2853 3901; x_wconf 84' lang='lat' dir='ltr'><strong>bis</strong></span> <span class='ocrx_word' id='word_1_325' title='bbox 2889 3850 3013 3903; x_wconf 84' lang='lat' dir='ltr'><strong>locis</strong></span> 
     </span>
     <span class='ocr_line' id='line_1_36' title="bbox 500 3938 891 4001; baseline -0.003 -15"><span class='ocrx_word' id='word_1_326' title='bbox 500 3938 696 3989; x_wconf 81' lang='lat' dir='ltr'><strong>intrudi</strong></span> <span class='ocrx_word' id='word_1_327' title='bbox 728 3950 891 4001; x_wconf 85' lang='lat' dir='ltr'><strong>posse.</strong></span> 
     </span>
    </p>

    <p class='ocr_par' dir='ltr' id='par_1_9' title="bbox 499 4018 3014 4338">
     <span class='ocr_line' id='line_1_37' title="bbox 644 4018 3014 4087; baseline 0 -16"><span class='ocrx_word' id='word_1_328' title='bbox 644 4019 684 4086; x_wconf 68' lang='grc' dir='ltr'><strong>τ)</strong></span> <span class='ocrx_word' id='word_1_329' title='bbox 719 4020 793 4071; x_wconf 86' lang='lat' dir='ltr'><strong>Ut</strong></span> <span class='ocrx_word' id='word_1_330' title='bbox 825 4035 873 4068; x_wconf 76' lang='lat' dir='ltr'><strong>v.</strong></span> <span class='ocrx_word' id='word_1_331' title='bbox 909 4020 1027 4080; x_wconf 82' lang='lat'><strong>234.</strong></span> <span class='ocrx_word' id='word_1_332' title='bbox 1065 4020 1183 4080; x_wconf 80' lang='lat'><strong>24⁷.</strong></span> <span class='ocrx_word' id='word_1_333' title='bbox 1223 4022 1318 4073; x_wconf 88' lang='grc'><strong>251</strong></span> <span class='ocrx_word' id='word_1_334' title='bbox 1342 4020 1421 4085; x_wconf 68' lang='grc'><strong>(2),</strong></span> <span class='ocrx_word' id='word_1_335' title='bbox 1457 4019 1558 4072; x_wconf 85' lang='grc'><strong>255</strong></span> <span class='ocrx_word' id='word_1_336' title='bbox 1593 4023 1690 4087; x_wconf 80' lang='lat' dir='ltr'><strong>(ita</strong></span> <span class='ocrx_word' id='word_1_337' title='bbox 1723 4023 1901 4076; x_wconf 87' lang='lat' dir='ltr'><strong>Herm.</strong></span> <span class='ocrx_word' id='word_1_338' title='bbox 1928 4025 1980 4074; x_wconf 89' lang='lat' dir='ltr'><strong>in</strong></span> <span class='ocrx_word' id='word_1_339' title='bbox 2006 4024 2334 4076; x_wconf 81' lang='lat' dir='ltr'><strong>annotatione</strong></span> <span class='ocrx_word' id='word_1_340' title='bbox 2370 4022 2434 4072; x_wconf 83' lang='lat' dir='ltr'><strong>ad</strong></span> <span class='ocrx_word' id='word_1_341' title='bbox 2460 4037 2503 4072; x_wconf 77' lang='lat' dir='ltr'><strong>v.</strong></span> <span class='ocrx_word' id='word_1_342' title='bbox 2524 4019 2653 4082; x_wconf 71' lang='lat'><strong>2473</strong></span> <span class='ocrx_word' id='word_1_343' title='bbox 2692 4022 2746 4072; x_wconf 90' lang='lat' dir='ltr'><strong>in</strong></span> <span class='ocrx_word' id='word_1_344' title='bbox 2770 4020 2936 4071; x_wconf 84' lang='lat' dir='ltr'><strong>indice</strong></span> <span class='ocrx_word' id='word_1_345' title='bbox 2960 4018 3014 4071; x_wconf 71' lang='grc' dir='ltr'><strong>οἶ</strong></span> 
     </span>
     <span class='ocr_line' id='line_1_38' title="bbox 499 4103 3011 4175; baseline -0 -18"><span class='ocrx_word' id='word_1_346' title='bbox 499 4106 625 4157; x_wconf 71' lang='lat' dir='ltr'><strong>mihi</strong></span> <span class='ocrx_word' id='word_1_347' title='bbox 670 4107 957 4172; x_wconf 75' lang='lat' dir='ltr'><strong>significare</strong></span> <span class='ocrx_word' id='word_1_348' title='bbox 1007 4107 1166 4171; x_wconf 84' lang='lat' dir='ltr'><strong>dicit).</strong></span> <span class='ocrx_word' id='word_1_349' title='bbox 1204 4105 1418 4173; x_wconf 60' lang='lat'><strong>3010),</strong></span> <span class='ocrx_word' id='word_1_350' title='bbox 1464 4104 1584 4165; x_wconf 80' lang='lat'><strong>476.</strong></span> <span class='ocrx_word' id='word_1_351' title='bbox 1629 4106 1748 4168; x_wconf 80' lang='lat'><strong>497.</strong></span> <span class='ocrx_word' id='word_1_352' title='bbox 1785 4109 1903 4170; x_wconf 91' lang='grc'><strong>687,</strong></span> <span class='ocrx_word' id='word_1_353' title='bbox 1939 4109 2044 4163; x_wconf 88' lang='grc'><strong>776</strong></span> <span class='ocrx_word' id='word_1_354' title='bbox 2061 4108 2158 4175; x_wconf 70' lang='grc'><strong>(1),</strong></span> <span class='ocrx_word' id='word_1_355' title='bbox 2201 4105 2349 4163; x_wconf 81' lang='lat'><strong>1146.</strong></span> <span class='ocrx_word' id='word_1_356' title='bbox 2391 4103 2522 4157; x_wconf 88' lang='grc'><strong>1279</strong></span> <span class='ocrx_word' id='word_1_357' title='bbox 2574 4107 2672 4171; x_wconf 71' lang='lat' dir='ltr'><strong>(cfr</strong></span> <span class='ocrx_word' id='word_1_358' title='bbox 2706 4104 2823 4162; x_wconf 82' lang='grc'><strong>535,</strong></span> <span class='ocrx_word' id='word_1_359' title='bbox 2861 4104 3011 4169; x_wconf 88' lang='grc'><strong>591),</strong></span> 
     </span>
     <span class='ocr_line' id='line_1_39' title="bbox 502 4190 3011 4254; baseline -0.002 -10"><span class='ocrx_word' id='word_1_360' title='bbox 502 4190 655 4252; x_wconf 87' lang='grc'><strong>1339,</strong></span> <span class='ocrx_word' id='word_1_361' title='bbox 699 4191 840 4244; x_wconf 81' lang='lat'><strong>1341.</strong></span> <span class='ocrx_word' id='word_1_362' title='bbox 912 4193 1188 4245; x_wconf 82' lang='lat' dir='ltr'><strong>Nonnullis</strong></span> <span class='ocrx_word' id='word_1_363' title='bbox 1233 4194 1357 4245; x_wconf 87' lang='lat' dir='ltr'><strong>locis</strong></span> <span class='ocrx_word' id='word_1_364' title='bbox 1403 4191 1652 4243; x_wconf 83' lang='lat' dir='ltr'><strong>articulus</strong></span> <span class='ocrx_word' id='word_1_365' title='bbox 1699 4194 1901 4247; x_wconf 81' lang='lat' dir='ltr'><strong>videtur</strong></span> <span class='ocrx_word' id='word_1_366' title='bbox 1934 4210 2047 4246; x_wconf 81' lang='lat' dir='ltr'><strong>esse</strong></span> <span class='ocrx_word' id='word_1_367' title='bbox 2091 4200 2153 4246; x_wconf 87' lang='lat' dir='ltr'><strong>ut</strong></span> <span class='ocrx_word' id='word_1_368' title='bbox 2184 4210 2231 4244; x_wconf 72' lang='grc' dir='ltr'><strong>ν.</strong></span> <span class='ocrx_word' id='word_1_369' title='bbox 2268 4193 2387 4253; x_wconf 89' lang='grc'><strong>277,</strong></span> <span class='ocrx_word' id='word_1_370' title='bbox 2425 4193 2544 4254; x_wconf 85' lang='grc'><strong>528,</strong></span> <span class='ocrx_word' id='word_1_371' title='bbox 2579 4192 2696 4251; x_wconf 89' lang='grc'><strong>678,</strong></span> <span class='ocrx_word' id='word_1_372' title='bbox 2733 4190 2856 4251; x_wconf 88' lang='grc'><strong>839,</strong></span> <span class='ocrx_word' id='word_1_373' title='bbox 2889 4190 3011 4250; x_wconf 81' lang='grc'><strong>841,</strong></span> 
     </span>
     <span class='ocr_line' id='line_1_40' title="bbox 502 4277 1034 4338; baseline -0.004 -8"><span class='ocrx_word' id='word_1_374' title='bbox 502 4277 652 4338; x_wconf 88' lang='grc'><strong>1038,</strong></span> <span class='ocrx_word' id='word_1_375' title='bbox 695 4277 842 4337; x_wconf 83' lang='lat'><strong>1270.</strong></span> <span class='ocrx_word' id='word_1_376' title='bbox 887 4277 1034 4329; x_wconf 82' lang='lat'><strong>1284.</strong></span> 
     </span>
    </p>

    <p class='ocr_par' dir='ltr' id='par_1_10' title="bbox 498 4352 3010 4518">
     <span class='ocr_line' id='line_1_41' title="bbox 637 4352 3010 4430; baseline -0.001 -14"><span class='ocrx_word' id='word_1_377' title='bbox 637 4362 683 4430; x_wconf 81' lang='lat'><strong>⁸)</strong></span> <span class='ocrx_word' id='word_1_378' title='bbox 719 4364 794 4416; x_wconf 87' lang='lat' dir='ltr'><strong>Ut</strong></span> <span class='ocrx_word' id='word_1_379' title='bbox 825 4381 869 4414; x_wconf 77' lang='lat' dir='ltr'><strong>v.</strong></span> <span class='ocrx_word' id='word_1_380' title='bbox 909 4363 1029 4424; x_wconf 81' lang='grc'><strong>764,</strong></span> <span class='ocrx_word' id='word_1_381' title='bbox 1063 4362 1183 4423; x_wconf 85' lang='grc'><strong>892,</strong></span> <span class='ocrx_word' id='word_1_382' title='bbox 1220 4362 1341 4424; x_wconf 87' lang='grc'><strong>939,</strong></span> <span class='ocrx_word' id='word_1_383' title='bbox 1371 4365 1515 4417; x_wconf 78' lang='lat'><strong>1214.</strong></span> <span class='ocrx_word' id='word_1_384' title='bbox 1587 4362 1735 4425; x_wconf 76' lang='lat' dir='ltr'><strong>Quod</strong></span> <span class='ocrx_word' id='word_1_385' title='bbox 1772 4365 1950 4417; x_wconf 84' lang='lat' dir='ltr'><strong>Herm.</strong></span> <span class='ocrx_word' id='word_1_386' title='bbox 1988 4368 2042 4418; x_wconf 89' lang='lat' dir='ltr'><strong>in</strong></span> <span class='ocrx_word' id='word_1_387' title='bbox 2078 4364 2252 4419; x_wconf 77' lang='lat' dir='ltr'><strong>Indice</strong></span> <span class='ocrx_word' id='word_1_388' title='bbox 2289 4352 2503 4427; x_wconf 82' lang='lat' dir='ltr'><strong>statuit,</strong></span> <span class='ocrx_word' id='word_1_389' title='bbox 2538 4364 2592 4417; x_wconf 70' lang='lat' dir='ltr'><em>a</em></span> <span class='ocrx_word' id='word_1_390' title='bbox 2626 4376 3010 4428; x_wconf 82' lang='lat' dir='ltr'><strong>nonnumqusm</strong></span> 
     </span>
     <span class='ocr_line' id='line_1_42' title="bbox 498 4448 2197 4518; baseline 0 -15"><span class='ocrx_word' id='word_1_391' title='bbox 498 4466 588 4518; x_wconf 83' lang='lat' dir='ltr'><strong>pro</strong></span> <span class='ocrx_word' id='word_1_392' title='bbox 621 4466 701 4501; x_wconf 78' lang='lat' dir='ltr'><strong>ms</strong></span> <span class='ocrx_word' id='word_1_393' title='bbox 734 4450 816 4500; x_wconf 85' lang='lat' dir='ltr'><strong>vel</strong></span> <span class='ocrx_word' id='word_1_394' title='bbox 849 4448 992 4500; x_wconf 72' lang='lat' dir='ltr'><strong>vobis</strong></span> <span class='ocrx_word' id='word_1_395' title='bbox 1025 4450 1251 4514; x_wconf 81' lang='lat' dir='ltr'><strong>positum</strong></span> <span class='ocrx_word' id='word_1_396' title='bbox 1287 4465 1427 4510; x_wconf 82' lang='lat' dir='ltr'><strong>esse,</strong></span> <span class='ocrx_word' id='word_1_397' title='bbox 1463 4464 1641 4515; x_wconf 81' lang='lat' dir='ltr'><strong>parum</strong></span> <span class='ocrx_word' id='word_1_398' title='bbox 1678 4452 1951 4502; x_wconf 82' lang='lat' dir='ltr'><strong>verisimile</strong></span> <span class='ocrx_word' id='word_1_399' title='bbox 1986 4452 2197 4503; x_wconf 80' lang='lat' dir='ltr'><strong>videtur.</strong></span> 
     </span>
    </p>

    <p class='ocr_par' dir='ltr' id='par_1_11' title="bbox 499 4530 2981 4685">
     <span class='ocr_line' id='line_1_43' title="bbox 639 4530 2981 4603; baseline 0.002 -18"><span class='ocrx_word' id='word_1_400' title='bbox 639 4535 683 4601; x_wconf 71' lang='grc' dir='ltr'><strong>ο)</strong></span> <span class='ocrx_word' id='word_1_401' title='bbox 719 4535 794 4587; x_wconf 84' lang='lat' dir='ltr'><strong>Ut</strong></span> <span class='ocrx_word' id='word_1_402' title='bbox 826 4551 870 4584; x_wconf 77' lang='lat' dir='ltr'><strong>v.</strong></span> <span class='ocrx_word' id='word_1_403' title='bbox 914 4532 1029 4593; x_wconf 90' lang='grc'><strong>170,</strong></span> <span class='ocrx_word' id='word_1_404' title='bbox 1064 4535 1161 4586; x_wconf 77' lang='grc'><strong>471</strong></span> <span class='ocrx_word' id='word_1_405' title='bbox 1212 4537 1418 4601; x_wconf 86' lang='lat' dir='ltr'><strong>(quibus</strong></span> <span class='ocrx_word' id='word_1_406' title='bbox 1464 4535 1589 4587; x_wconf 88' lang='lat' dir='ltr'><strong>locis</strong></span> <span class='ocrx_word' id='word_1_407' title='bbox 1637 4536 1953 4588; x_wconf 79' lang='lat' dir='ltr'><strong>substantivo</strong></span> <span class='ocrx_word' id='word_1_408' title='bbox 1988 4539 2338 4603; x_wconf 69' lang='lat' dir='ltr'><strong>praemittitur.</strong></span> <span class='ocrx_word' id='word_1_409' title='bbox 2397 4544 2459 4590; x_wconf 89' lang='lat' dir='ltr'><strong>nt</strong></span> <span class='ocrx_word' id='word_1_410' title='bbox 2503 4537 2557 4590; x_wconf 71' lang='grc' dir='ltr'><strong>οἶ</strong></span> <span class='ocrx_word' id='word_1_411' title='bbox 2604 4552 2650 4587; x_wconf 78' lang='lat' dir='ltr'><strong>v.</strong></span> <span class='ocrx_word' id='word_1_412' title='bbox 2686 4532 2820 4595; x_wconf 78' lang='grc'><strong>269,</strong></span> <span class='ocrx_word' id='word_1_413' title='bbox 2856 4530 2981 4597; x_wconf 79' lang='grc'><strong>776)</strong></span> 
     </span>
     <span class='ocr_line' id='line_1_44' title="bbox 499 4619 1147 4685; baseline -0.008 -10"><span class='ocrx_word' id='word_1_414' title='bbox 499 4620 620 4685; x_wconf 69' lang='lat'><strong>649,</strong></span> <span class='ocrx_word' id='word_1_415' title='bbox 653 4621 773 4682; x_wconf 83' lang='lat'><strong>914,</strong></span> <span class='ocrx_word' id='word_1_416' title='bbox 811 4620 960 4679; x_wconf 89' lang='grc'><strong>1278,</strong></span> <span class='ocrx_word' id='word_1_417' title='bbox 1000 4619 1147 4671; x_wconf 88' lang='grc'><strong>1301.</strong></span> 
     </span>
    </p>

    <p class='ocr_par' dir='ltr' id='par_1_12' title="bbox 644 4706 2267 4775">
     <span class='ocr_line' id='line_1_45' title="bbox 644 4706 2267 4775; baseline -0.001 -16"><span class='ocrx_word' id='word_1_418' title='bbox 644 4707 705 4774; x_wconf 65' lang='grc'><strong>’0)</strong></span> <span class='ocrx_word' id='word_1_419' title='bbox 739 4706 866 4769; x_wconf 67' lang='lat' dir='ltr'><strong>Qun</strong></span> <span class='ocrx_word' id='word_1_420' title='bbox 900 4714 982 4758; x_wconf 82' lang='lat' dir='ltr'><strong>est</strong></span> <span class='ocrx_word' id='word_1_421' title='bbox 1017 4706 1297 4759; x_wconf 79' lang='lat' dir='ltr'><strong>Hermanni</strong></span> <span class='ocrx_word' id='word_1_422' title='bbox 1335 4708 1529 4773; x_wconf 88' lang='lat' dir='ltr'><strong>opinio.</strong></span> <span class='ocrx_word' id='word_1_423' title='bbox 1564 4710 1676 4761; x_wconf 78' lang='lat' dir='ltr'><strong>vide</strong></span> <span class='ocrx_word' id='word_1_424' title='bbox 1713 4708 1779 4760; x_wconf 83' lang='lat' dir='ltr'><strong>ad</strong></span> <span class='ocrx_word' id='word_1_425' title='bbox 1815 4708 1970 4774; x_wconf 82' lang='lat' dir='ltr'><strong>Orph.</strong></span> <span class='ocrx_word' id='word_1_426' title='bbox 2007 4726 2054 4775; x_wconf 82' lang='lat' dir='ltr'><strong>p.</strong></span> <span class='ocrx_word' id='word_1_427' title='bbox 2091 4706 2208 4762; x_wconf 92' lang='grc'><strong>797.</strong></span> <span class='ocrx_word' id='word_1_428' title='bbox 2257 4724 2267 4749; x_wconf 80' lang='lat'><strong><em>¹</em></strong></span> 
     </span>
    </p>
   </div>
   <div class='ocr_carea' id='block_1_5' title="bbox 3459 1274 3469 1968">
    <p class='ocr_par' dir='ltr' id='par_1_13' title="bbox 3459 1274 3469 1968">
     <span class='ocr_line' id='line_1_46' title="bbox 3459 1274 3469 1968; baseline 0 0"><span class='ocrx_word' id='word_1_429' title='bbox 3459 1274 3469 1968; x_wconf 95' lang='lat' dir='ltr'><strong> </strong></span> 
     </span>
    </p>
   </div>
   <div class='ocr_carea' id='block_1_6' title="bbox 3454 4014 3467 5050">
    <p class='ocr_par' dir='ltr' id='par_1_14' title="bbox 3454 4014 3467 5050">
     <span class='ocr_line' id='line_1_47' title="bbox 3454 4014 3467 5050; baseline 0 0"><span class='ocrx_word' id='word_1_430' title='bbox 3454 4014 3467 5050; x_wconf 95' lang='lat' dir='ltr'><strong> </strong></span> 
     </span>
    </p>
   </div>
  </div>
 </body>
</html>
