3514 5326
435 543 472 601 8
1449 545 1505 602 C.
1534 552 1600 604 Δ.
1629 547 1914 619 Walberg.

598 719 767 783 Nam
831 717 1020 809 quod·
1051 719 1326 782 maxime
1384 721 1629 785 efficere
1684 720 2093 796 studuerunt,
2151 721 2216 784 in
2270 721 2693 784 locutionibus
2752 712 2941 793 αὖτὸς

434 813 632 885 αὐτόν
674 827 739 882 et
779 818 1094 882 similibus
1140 819 1453 901 posterius
1497 821 1872 884 Vocabulum
1915 821 2147 902 spiritu
2191 822 2345 897 leni,
2391 842 2515 887 non
2558 842 2817 904 aspero,
2868 829 2941 884 ut

433 921 569 986 fleri
612 921 805 995 solet,
843 920 1248 983 scribendum
1293 917 1528 1007 esse¹)‚
1581 923 1650 988 id
1694 923 1878 1005 quale
1924 921 2010 984 sit
2054 922 2384 986 ostendere
2416 925 2777 987 conabimur
2806 922 2941 1004 pri-

430 1043 596 1090 mum
625 1021 840 1085 allatis
872 1021 1159 1084 omnibus
1190 1023 1376 1098 locis,
1422 1024 1531 1087 ubi
1562 1026 1678 1087 has
1707 1023 2055 1087 locutiones
2087 1024 2457 1088 invenimus
2525 1025 2738 1106 Atque
2769 1023 2941 1104 apud

430 1122 802 1208 AEschylum
845 1122 1100 1206 quidem
1145 1123 1279 1186 sine
1324 1125 1456 1188 ulla
1498 1125 1783 1188 codicum
1836 1124 2263 1206 discrepantia
2305 1133 2403 1188 est
2443 1127 2656 1190 Prom.
2712 1147 2772 1188 V.
2816 1120 2941 1188 762

431 1222 622 1302 αὖτὸς
665 1221 826 1310 πρὸς
868 1217 1065 1288 αὑτοῦ·
1105 1225 1521 1311 κενοφρόνων
1561 1225 2017 1310 βουλευμάτων
2082 1224 2543 1310 (praeterquam
2592 1228 2761 1310 quod
2805 1226 2939 1288 cod.

429 1329 658 1394 Medic.
704 1322 865 1412 πρὸς
907 1321 1096 1401 αὐτὸς
1142 1323 1338 1392 αὑτοῦ
1365 1329 1608 1414 habet).
1655 1349 1712 1392 V.
1744 1327 1865 1392 921
1912 1322 2011 1392 ἐπ’
2054 1322 2246 1399 αὐτὸς
2274 1322 2450 1415 αὖτῴ·
2463 1321 2539 1412 ²).
2588 1330 2749 1393 1013
2787 1321 2942 1411 αὕτῆ

429 1425 586 1495 καθ’
627 1424 845 1514 αὕιήν.
900 1429 1078 1511 Sept.
1127 1449 1177 1492 c.
1223 1430 1340 1493 Th.
1384 1450 1445 1493 V.
1489 1431 1614 1495 406
1670 1425 1902 1504 καύτὸς
1942 1425 2102 1494 καθ’
2145 1425 2357 1495 αὑτοῦ.
2443 1431 2666 1513 Agam.
2712 1452 2769 1494 V.
2813 1428 2943 1494 836

422 1543 552 1610 τοῖς
597 1527 663 1596 δ’
704 1527 894 1606 αὕτὸς
938 1525 1134 1595 αὑτοῦ
1177 1530 1485 1616 πήμασιν.
1551 1533 1766 1598 Etiam
1802 1535 1978 1616 Sept.
2011 1555 2063 1598 c.
2094 1534 2211 1596 Th.
2241 1554 2299 1597 V.
2335 1532 2456 1598 194
2483 1533 2619 1596 cod.
2664 1534 2752 1597 M.
2777 1551 2943 1616 prae-

423 1640 534 1702 bet
575 1629 758 1703 αὕτοὶ
800 1629 868 1698 δ’
909 1627 1015 1718 ὑφ’
1062 1627 1306 1710 αὐτῶν,
1352 1636 1461 1698 ubi
1513 1635 1877 1700 Scholiasta
1908 1636 1971 1700 A
2000 1645 2337 1718 utrumque
2368 1635 2682 1716 agnoscit,
2728 1643 2793 1698 et
2835 1626 2942 1717 ὑφ’

423 1734 638 1806 αὑτῶν
680 1746 775 1813 et,
819 1738 990 1819 quod
1033 1736 1315 1800 nonnulli
1359 1737 1540 1800 codd.
1572 1738 1839 1813 habent,
1880 1732 1985 1802 ὑπ’
2015 1731 2248 1803 αὐτῶν.
2331 1738 2491 1801 Item
2519 1737 2697 1800 Pers.
2727 1758 2787 1799 V.
2818 1735 2941 1800 415

424 1845 514 1908 M.
562 1837 749 1906 αὐτοὶ
789 1833 855 1902 δ’
896 1832 1005 1922 ὑφ’
1048 1833 1260 1903 αὑτῶν
1306 1839 1444 1913 dat,
1487 1829 1602 1920 pro
1648 1859 1773 1923 quo
1818 1841 1900 1904 al.
1934 1841 2113 1904 codd.
2143 1833 2249 1905 ὑπ’
2280 1832 2513 1903 αὕτῶν.
2618 1840 2759 1904 Uno
2805 1838 2941 1901 loco

423 1944 798 2028 AEschyleo‚
845 1941 1126 2022 Choeph.
1171 1961 1232 2004 V.
1262 1941 1379 2004 221
1431 1940 1609 2003 codd.
1657 1941 2008 2005 consentire
2038 1943 2333 2007 Videntur
2362 1942 2426 2005 in
2454 1941 2723 2004 lectione
2754 1934 2944 2014 αὐτὸς

423 2041 570 2111 κατ’
613 2039 810 2109 αῧτοῦ
857 2061 972 2124 pro
1019 2061 1129 2117 ea,
1180 2062 1369 2125 quam
1411 2049 1783 2123 receperunt
1838 2043 2145 2118 editores,
2188 2038 2349 2106 καθ’
2390 2036 2605 2108 αὑτοῦ.
2690 2043 2941 2124 Sopho-

421 2149 550 2214 cles
594 2155 807 2211 autem
847 2143 1041 2207 habet
1080 2143 1186 2223 Aj.
1230 2165 1291 2207 V.
1335 2141 1459 2206 906
1503 2137 1692 2218 αὐτὸς
1733 2140 1895 2229 πρὸς
1938 2139 2153 2209 αὑτοῦ.
2196 2167 2253 2209 V.
2285 2146 2444 2210 1132
2485 2141 2628 2219 τούς
2666 2139 2726 2222 γ’
2752 2138 2943 2218 utitor,-

422 2246 616 2316 αὑτοῦ
657 2247 782 2335 (Μ.
812 2241 1039 2327 αὖτοῦ)
1081 2245 1182 2308 El.
1228 2266 1287 2307 V.
1333 2244 1456 2308 285
1501 2239 1656 2331 αὕτῆ
1699 2242 1862 2333 πρὸς
1904 2243 2099 2333 αὑτήν
2147 2247 2271 2333 (Μ.
2303 2240 2555 2334 αὐτήν).
2598 2246 2755 2311 Oed.
2783 2247 2940 2327 Reg.

418 2375 480 2417 V.
516 2352 636 2418 138
661 2344 852 2424 αὕτός
877 2343 1073 2412 αὑτοῦ
1117 2346 1236 2430 (Μ.
1270 2341 1521 2433 αὐτοῦ).
1564 2369 1624 2412 V.
1656 2349 1780 2412 228
1823 2344 2013 2427 αὗτὸς
2045 2343 2203 2413 καθ’
2231 2344 2451 2417 αὖτοῦ.
2496 2370 2557 2415 V.
2590 2342 2750 2412 1237
2785 2342 2941 2433 adid

417 2452 580 2538 πρὸς
623 2448 811 2538 αὑτῆς
839 2451 959 2538 (Μ.
987 2443 1228 2532 αὐτῆς).
1275 2450 1432 2515 Oed.
1465 2451 1598 2516 Col.
1628 2471 1688 2514 V.
1718 2451 1843 2516 853
1888 2449 2077 2529 αὕτός
2120 2448 2315 2521 αὑτόν
2342 2453 2555 2541 (codd.
2588 2445 2834 2534 αὐτόν).
2876 2469 2939 2514 V.

417 2557 542 2624 930
596 2553 710 2643 τὴν
753 2548 942 2628 αὐτὸς
983 2546 1183 2617 αὑτοῦ
1234 2551 1446 2638 (codd.
1494 2546 1742 2636 αὐτοῦ).
1817 2576 1879 2620 V.
1930 2555 2090 2620 1356
2152 2551 2264 2622 τὸν
2306 2550 2497 2628 αὐτὸς
2540 2549 2735 2618 αὑτοῦ
2805 2553 2941 2640 (sic

416 2661 541 2737 M.;
607 2661 689 2724 al.
721 2651 967 2740 αὐτοῦ).
999 2655 1183 2746 Ant.
1227 2676 1286 2720 V.
1336 2648 1497 2719 1177
1551 2651 1738 2730 αὑτὸς
1780 2654 1943 2745 πρὸς
1984 2652 2181 2724 αὖτοῦ
2222 2660 2344 2745 (Μ.
2390 2653 2640 2740 αὐτοῦ).
2710 2655 2937 2719 Trach.

414 2783 478 2825 V.
507 2762 627 2825 451
676 2756 864 2836 αὐτὸς
907 2753 1121 2823 αὑτόν.
1165 2778 1226 2821 V.
1254 2756 1399 2834 891,
1434 2760 1594 2825 1132
1639 2754 1795 2847 αὐτῆ
1839 2759 1999 2846 πρὸς
2044 2756 2234 2847 αὑτῆς
2264 2763 2649 2849 (posteriore
2679 2760 2815 2823 loco
2846 2759 2936 2823 M.

417 2857 660 2948 αὐτῆς).
702 2885 763 2928 V.
807 2863 931 2928 910
974 2855 1131 2947 αὐτὴ
1171 2854 1283 2924 τὸν
1326 2854 1536 2946 αὑτῆς.
1599 2864 1933 2929 Accedunt.
1974 2865 2040 2929 iu
2071 2864 2467 2947 Fragmentis
2505 2864 2630 2927 323
2668 2859 2779 2945 (ex
2814 2880 2937 2925 rec.

416 2964 702 3052 Nauck.)
761 2960 949 3038 αὕτός
1007 2985 1098 3038 τις
1142 2956 1318 3047 αὑτῷ
1375 2970 1440 3026 et.
1480 2959 1605 3029 736
1657 2959 1849 3041 αὖτὸς
1891 2962 2043 3051 παρ’
2086 2961 2314 3044 αὑτοῦ,
2371 2965 2480 3028 ubi
2536 2964 2717 3027 codd.
2762 2956 2940 3047 αὐτῷ

419 3076 484 3132 et
540 3062 754 3132 αὐτῶν
808 3066 1110 3151 praebent.
1225 3063 1561 3145 Euripidei
1625 3069 1897 3153 denique
1963 3068 2086 3132 loci
2146 3074 2295 3133 sunt
2345 3066 2443 3128 hi:
2521 3066 2690 3129 Med.
2747 3087 2809 3129 V.
2852 3066 2927 3127 31

419 3163 576 3254 αὕτὴ
617 3166 780 3257 πρὸς
821 3164 1018 3253 αὑτήν
1080 3165 1295 3254 (codd.
1341 3158 1592 3253 αὕτήν).
1671 3170 1933 3253 Hippol.
1977 3191 2038 3234 V.
2084 3169 2209 3235 399
2267 3161 2422 3251 αὕτιὶ
2464 3161 2532 3231 δ’
2571 3161 2683 3251 ὑφ’
2725 3162 2934 3250 αὑτῆς.

417 3272 724 3337 Androm.
803 3295 865 3336 V.
913 3268 1068 3333 1121
1126 3262 1310 3331 αὕτοὶ
1363 3264 1433 3331 δ’
1471 3264 1584 3353 ὑφ’
1626 3265 1843 3338 αὑτῶν
1892 3269 2115 3357 (codd.
2160 3265 2267 3337 ὑπ’
2310 3262 2613 3355 atita-31³⁸).
2708 3268 2931 3351 Suppl.

416 3392 478 3437 V.
521 3373 645 3437 433
691 3368 881 3447 αὐτὸς
923 3363 1081 3455 παρ’
1125 3364 1300 3457 αὐτῷ’
1345 3368 1514 3454 (cod.
1539 3374 1612 3437 Β.
1635 3396 1731 3457 pr.
1765 3394 1847 3437 m.
1880 3367 2107 3459 αὐτῷ).
2149 3376 2287 3438 Ion.
2319 3394 2379 3436 V.
2412 3372 2535 3457 622
2580 3365 2737 3455 adm>
2778 3362 2935 3434 καθ’

419 3468 635 3559 αὑτήν.
690 3496 750 3539 V.
801 3470 961 3539 1178
1027 3463 1216 3547 advoc
1266 3466 1458 3560 αὑτῷ.
1561 3474 1700 3559 Iph.
1753 3476 1904 3541 Aul.
1959 3495 2020 3537 V.
2072 3475 2195 3539 810
2261 3469 2449 3550 αὸτὸς
2498 3468 2657 3560 ὑπὲρ
2717 3468 2932 3537 αὑτοῦ.

416 3576 670 3641 Heracl.
731 3597 790 3639 V.
841 3574 958 3639 143
1013 3567 1198 3639 αὐτοὶ
1239 3570 1398 3637 καθ’
1439 3571 1672 3643 αὐτῶν.
1742 3576 1869 3640 814
1923 3570 2112 3651 αὐτὸς
2156 3572 2353 3641 αὑτοῦ
2403 3576 2623 3661 (codd.
2671 3570 2931 3662 αὕτοῦ).

416 3678 560 3741 Hel.
591 3696 652 3741 V.
687 3676 848 3741 1519
893 3668 1084 3751 αὕτὸς
1110 3671 1322 3742 αὑτόν.
1378 3680 1564 3743 Herc.
1595 3684 1745 3744 Fur.
1778 3699 1838 3740 V.
1863 3677 1977 3743 951
2021 3672 2209 3755 αὐτὸς
2233 3676 2395 3766 πρὸς
2421 3672 2631 3743 αὑτοῦ.
2674 3680 2929 3760 Fragm.

419 3778 538 3842 183
602 3773 687 3844 ἵν’
739 3772 931 3855 advoc
980 3773 1179 3845 αὑτοῦ
1235 3778 1530 3860 τυγχάνει
1591 3779 1908 3863 βέλτιστος
1961 3776 2074 3845 ὤν.
2176 3777 2301 3846 597
2362 3783 2643 3844 τίκτων
2696 3775 2932 3856 αὕτὸς

414 3876 718 3945 ἔαυτόν.
782 3880 899 3944 611
951 3876 1134 3945 αὐτοὶ
1177 3877 1260 3945 δι’
1301 3877 1542 3958 αὐτούς.
1608 3879 1737 3948 797
1782 3878 1819 3946 ὃ
1863 3878 1930 3946 δ’
1973 3876 2162 3959 αὕτὸς
2205 3878 2401 3949 abror
2443 3882 2767 3967 ἐμφανιεῖ.
2823 3885 2924 3947 Ex

414 3981 534 4045 hoc
589 3990 929 4064 conspectu
993 3993 1287 4066 apparet,
1377 3985 1624 4049 codices
1680 3985 1949 4068 optimos
2002 3985 2230 4067 saepius
2285 4006 2624 4068 pronomen
2676 3985 2931 4049 reflexi·
2998 4048 3007 4059 ,

415 4102 563 4145 Vum
619 4083 816 4159 tueri,
882 4085 991 4147 ubi
1046 4105 1198 4148 vero
1264 4106 1304 4149 a
1352 4086 1713 4167 pronomine
1768 4080 1955 4160 αὐτός
2014 4094 2216 4162 stent,
2282 4107 2594 4170 nusquam
2648 4088 2779 4150 fere
2829 4086 2929 4151 ul-

412 4183 540 4246 lam
601 4185 1010 4265 praecedentis
1082 4186 1377 4249 vocabuli
1439 4186 1849 4251 mutationem
1905 4188 2071 4262 fieri,
2145 4188 2280 4251 sive
2338 4208 2563 4270 aspero
2621 4188 2757 4251 siVe
2801 4186 2927 4250 leni

413 4283 645 4365 spiritu
708 4303 1051 4366 pronomen
1117 4287 1470 4363 notaveris,
1535 4295 1609 4351 ut
1661 4289 1944 4352 codicum
2010 4288 2372 4352 auctoritati
2438 4290 2538 4352 his
2589 4289 2743 4352 locis
2798 4307 2925 4351 non

413 4384 674 4449 multum
737 4384 932 4449 tribui
985 4386 1208 4470 possit.
1302 4389 1515 4452 Instar
1573 4390 1843 4453 omnium
1898 4397 1995 4451 est
2048 4388 2205 4452 illud
2250 4391 2603 4473 exemplum
2646 4408 2723 4452 ex
2768 4390 2921 4454 Eur.

559 4597 598 4665 1)
635 4599 773 4650 Vide
806 4596 982 4648 Elmsl.
1018 4600 1141 4651 Eur.
1178 4600 1381 4654 Hei-acl.
1419 4602 1534 4655 144.
1569 4603 1687 4654 814.
1766 4603 2086 4668 Bernhardyi
2122 4601 2268 4669 Synt.
2304 4621 2353 4672 p.
2390 4600 2508 4656 287.

554 4682 597 4750 ²)
629 4684 694 4735 In
728 4683 1018 4747 hujusmodi
1055 4686 1297 4750 exemplis
1334 4688 1700 4755 Bernhardyus
1734 4691 1790 4756 (l.
1817 4693 1880 4750 c.)
1915 4703 2056 4754 pron.
2082 4690 2375 4742 reflexivum
2405 4688 2651 4741 admittit.

552 4766 591 4833 θ)
628 4768 767 4833 Quos
803 4776 1086 4835 sequuntur
1118 4770 1347 4840 plerique
1380 4774 1626 4835 editorem
1662 4776 1876 4841 injuria.
1913 4777 1968 4827 ni
2002 4775 2166 4827 fallor.
