3514 5326
867 463 954 519 De
995 461 1304 517 confusione
1345 459 1720 532 pronominum
1766 459 1945 514 tertiae
1989 474 2233 530 personae
2276 456 2598 512 Graeoorum.
2916 453 2988 508 15

497 635 695 718 igitur
741 633 1134 720 ‘testimoniis
1185 632 1552 697 concludere
1607 631 1788 705 licet,
1853 631 1919 693 in
1980 629 2061 691 iis
2114 628 2587 692 Homericorum
2648 627 2992 690 carminum

498 734 991 817 exemplaribus,
1047 753 1184 816 quae
1225 733 1498 814 plurima
1542 739 1606 794 et
1649 751 1726 794 ex
1770 731 1912 812 ipsa
1958 727 2205 792 Graecia
2256 737 2321 791 et
2360 748 2439 792 ex
2484 729 2843 792 Graecorum
2886 749 2993 792 co-

496 836 686 900 loniis
728 834 1186 900 Alexandriam
1229 835 1687 906 conferrentur,
1730 832 1893 896 hanc
1933 828 2377 912 pronominum
2418 829 2843 892 confusionem
2884 849 2993 893 sa·-

496 939 580 1001 tis
624 939 1004 1023 frequentem
1047 935 1262 998 fuisse.

657 1037 731 1100 In
796 1037 1113 1118 Hymnis
1166 1036 1604 1098 Homericis
1661 1036 1692 1096 ἕ
1746 1035 1823 1096 de
1866 1032 2098 1115 plurali
2156 1031 2389 1094 dictum
2434 1031 2713 1096 videmus
2757 1035 2992 1115 Hymn.

492 1140 558 1202 in
601 1139 764 1202 Ven.
811 1156 872 1199 v.
903 1135 1052 1212 268,
1097 1137 1199 1218 qui
1245 1156 1284 1198 a
1312 1137 1526 1200 multis
1570 1135 1827 1216 spurius
1869 1140 2161 1216 putatum
2205 1134 2363 1215 σφὶν
2407 1133 2483 1194 de
2526 1133 2832 1214 singulari
2876 1154 2992 1197 nu-

491 1258 659 1305 mero
704 1238 911 1312 XIX,
943 1237 1022 1301 19
1066 1245 1131 1301 et
1167 1238 1408 1312 XXX,
1451 1236 1510 1300 9.
1596 1237 1672 1300 In
1726 1233 2628 1315 Batrachomyomachia,
2683 1253 2819 1316 quse
2858 1236 2990 1298 fere

492 1337 762 1424 Hymnis
807 1338 1069 1419 adjungi
1114 1339 1306 1414 solet,
1350 1358 1411 1400 v.
1453 1339 1536 1400 23
1580 1333 1682 1412 ἑός
1725 1339 1803 1400 de
1848 1335 2120 1400 secunda
2162 1353 2470 1416 persona,
2513 1354 2572 1396 v.
2610 1335 2729 1398 103
2785 1343 2848 1399 et
2881 1335 2994 1400 161

491 1443 567 1506 de
611 1437 840 1522 plurali
884 1457 1138 1502 numero
1183 1448 1540 1522 usurpatur.

658 1538 1045 1603 Hesiodea
1110 1541 1442 1603 carmina
1509 1541 1777 1624 quinque
1835 1537 2074 1601 habent
2133 1535 2324 1617 hujus
2382 1535 2629 1617 generis
2686 1537 2990 1620 exempla.

393 1727 400 1734 ι
491 1646 728 1707 Horum
767 1659 986 1716 unum,
1033 1639 1152 1721 Op.
1200 1649 1264 1703 et
1305 1641 1385 1704 D.
1430 1662 1490 1704 v.
1535 1645 1597 1718 2,

687 1741 954 1805 Μοῦσαι
999 1742 1378 1826 Πιερίηθεν,
1427 1739 1679 1833 ἀοιδῇσι
1722 1739 2077 1814 κλείουσαι,

687 1841 892 1917 δεῦτε,
937 1837 1044 1904 Δί’
1084 1842 1404 1918 ἐννέπετε,
1452 1847 1757 1930 σφέτερον
1800 1835 2016 1923 πατέρ’
2056 1834 2455 1921 ὑμνείουσαι,

487 1947 570 2010 ad
611 1945 998 2026 prooemium
1053 1945 1357 2031 pertinet,
1414 1948 1582 2028 quod
1615 1948 1751 2028 Jam
1798 1942 2045 2025 antiqui
2089 1941 2291 2004 critici
2350 1942 2433 2004 ab
2477 1941 2760 2007 Hesiodo
2806 1943 2992 2025 abju-

467 2047 801 2121 -dicarunt3
853 2045 1124 2108 alterum
1169 2054 1268 2109 est
1310 2047 1376 2110 in
1419 2049 1697 2128 ejusdem
1743 2044 2035 2110 carminis
2078 2063 2139 2105 v,
2184 2042 2303 2106 381
2918 2029 2929 2045 ‘

684 2151 786 2210 σοὶ
829 2141 892 2210 δ’
932 2145 992 2209 εἰ
1031 2145 1310 2211 πλούτου
1350 2145 1564 2232 θυμὸς
1607 2145 1886 2212 ἐέλδεται
1930 2144 2002 2210 ἐν
2048 2147 2275 2230 φρεσὶν
2314 2142 2461 2238 ᾗσιν

686 2243 806 2311 ὧδ’
847 2245 1088 2334 ἔρδειν,
1133 2254 1244 2312 καὶ
1285 2248 1474 2335 ἔργον
1516 2247 1616 2318 ἐπ’
1656 2249 1821 2337 ἔργῳ
1865 2242 2285 2334 ἐργάζεσθαι,

487 2349 596 2434 qui
653 2369 778 2413 non
819 2351 1024 2414 minus
1082 2370 1196 2434 pro
1241 2353 1658 2434 suppositicio
1713 2351 2041 2416 habendus
2086 2357 2199 2412 est.
2286 2349 2569 2414 Tertium
2614 2355 2713 2411 est
2759 2347 2991 2412 ibidem

484 2469 544 2515 v.
587 2449 671 2515 58

681 2561 815 2628 τοῖς
854 2549 918 2617 δ’
957 2550 1086 2634 ἐγὼ
1129 2549 1276 2619 α’ντῐ
1319 2549 1520 2641 πυρὸς
1560 2553 1746 2621 δώσω
1790 2553 2021 2629 κακόν,
2068 2546 2123 2642 ᾦ
2163 2574 2272 2618 κεν
2317 2550 2599 2624 ἅπαντες

681 2656 1035 2741 τέρπωνται
1078 2653 1242 2721 κατὰ
1283 2652 1504 2740 θυμὸν
1545 2654 1656 2723 ἐὰν
1699 2654 1902 2724 κακὰν
1945 2652 2486 2742 ἅμφαναπῶντδς·

569 2756 882 2830 Quartum
925 2759 991 2823 in
1033 2760 1268 2843 Theog.
1313 2780 1372 2823 v.
1416 2760 1541 2825 398

678 2854 848 2945 ἦλθε
888 2855 955 2923 δ’
993 2860 1125 2948 ἄρα
1166 2860 1381 2948 πρώτη
1421 2858 1583 2940 Στὺξ
1624 2862 1914 2949 ἄφθιτος
1958 2858 2376 2944 Οὔλυμπόνδε

679 2956 803 3028 σδν
849 2974 1111 3049 σφοῖσιν
1152 2963 1452 3029 παίδεσσι
1495 2964 1693 3050 φίλου
1733 2962 1847 3029 διὰ
1886 2962 2091 3050 μήδεα
2134 2960 2394 3048 πατρός.

563 3061 869 3135 Quintum
911 3066 980 3129 in
1025 3066 1205 3131 Scuti
1248 3068 1436 3131 Herc.
1481 3087 1541 3130 v.
1587 3066 1668 3131 90

678 3164 752 3238 ὃς
791 3164 1132 3251 προλιπών
1172 3166 1478 3253 σφέτερόν
1516 3188 1582 3230 τε
1623 3165 1826 3249 δόμον
1868 3169 2202 3255 σφετέρους
2241 3186 2306 3229 τε
2344 3163 2576 3248 τοκῆας

683 3286 896 3351 ‘plm-

648 3398 722 3462 In
774 3400 1142 3482 fragmentis
1197 3402 1510 3487 Cyclico
1525 3422 1675 3466 rum
1732 3411 2202 3483 ceterorumque
2254 3401 2598 3484 epicorum,
2664 3396 2770 3480 qui
2826 3394 2986 3459 Ale-

479 3497 931 3563 xandrinorum
973 3510 1225 3568 aetatem
1266 3512 1752 3587 praecesserunt,
1794 3502 1954 3567 nihil
1999 3509 2125 3578 est,
2173 3503 2338 3584 quod
2384 3500 2466 3563 ad
2508 3501 2673 3562 hanc
2703 3504 2986 3562 nostram

480 3598 885 3681 quaestionem
929 3604 1275 3684 pertineat,
1317 3606 1442 3669 nisi
1487 3606 1649 3688 quod
1693 3605 2177 3669 ANTIMAGHUS
2223 3604 2478 3667 videtur
2520 3601 2865 3685 σφωΐτερος
2906 3597 2983 3660 de

485 3699 676 3763 tertia
717 3721 992 3784 persona
1035 3724 1371 3787 usurpasse
1387 3700 1462 3792 1).

648 3802 966 3869 Didactioi
1007 3813 1212 3888 poetae
1256 3806 1548 3873 Anauros
1595 3815 1661 3870 et
1700 3807 2085 3871 ΝΙΟΔΝΒΕΒ
2126 3842 2203 3851 --
2249 3813 2322 3868 ut
2362 3822 2469 3868 eos
2512 3802 2794 3865 hocloco
2819 3818 2987 3863 com-

484 3918 814 3965 memorem
833 3942 916 3951 —
945 3926 986 3969 a
1008 3907 1372 3973 confusione
1401 3908 1839 3991 pronominum
1868 3905 2073 3969 tertiae
2101 3924 2382 3988 personae
2410 3922 2669 3986 prorsus
2698 3900 2991 3965 abstinu-

485 4000 611 4063 isse
674 4001 983 4069 videntur.
1072 4006 1258 4079 Quod
1323 4010 1444 4073 etsi
1496 4028 1783 4091 magnam
1835 4015 2083 4091 partem
2133 4006 2415 4088 ipsarum
2457 4024 2662 4067 rerum
2715 4009 2985 4077 naturae,

485 4119 620 4185 quae
680 4101 746 4165 in
795 4104 1018 4171 horum
1078 4109 1458 4173 carminibus
1514 4116 1903 4184 tractantur,
1954 4108 2353 4172 tribuendum
2396 4104 2513 4180 sit,
2564 4113 2778 4167 tamen
2818 4102 2990 4167 haud

485 4202 616 4266 scio
661 4222 742 4265 an
787 4203 862 4268 de
905 4206 1221 4273 industria
1261 4213 1498 4276 factum
1539 4212 1626 4275 sit
1668 4232 1708 4274 a
1751 4207 2133 4274 doctissimis
2175 4207 2303 4271 illis
2342 4204 2581 4290 poetis,
2636 4203 2987 4288 praesertim

483 4302 830 4381 Nicandro,
883 4308 1017 4389 qui,
1070 4316 1342 4375 ceterum
1399 4312 1750 4395 priscarum
1802 4329 2024 4375 vocum
2076 4308 2572 4389 locutionumque
2616 4304 2990 4370 amantissi-

482 4422 616 4467 mus
633 4451 650 4478 ,
699 4404 816 4469 has
859 4408 1434 4477 Alexandrinorum
1477 4413 1738 4477 delicias
1784 4408 2232 4496 repudiaverit.

630 4584 668 4650 ¹)
712 4586 849 4640 Vide
884 4588 1052 4653 Apoll.
1084 4590 1151 4642 do
1185 4590 1336 4641 Pron.
1371 4606 1420 4657 p.
1459 4592 1575 4644 141.
1646 4592 1791 4644 Idem
1835 4598 1990 4658 poeta
2032 4590 2165 4655 quod
2208 4587 2329 4657 σφώ
2371 4603 2461 4655 pro
2498 4587 2643 4655 σφωὲ
2684 4586 2839 4645 dixit,
2884 4599 2988 4636 non

485 4669 686 4721 videtur
719 4672 874 4724 aliam
913 4674 1162 4726 rationem
1193 4675 1380 4729 habere
1413 4691 1566 4742 quam
1600 4679 1731 4744 quod
1765 4672 1869 4730 νῶε
1901 4691 1993 4743 pro
2026 4675 2128 4727 νῶϊ
2159 4676 2343 4741 posuit.
2412 4674 2499 4725 Cfr
2530 4670 2719 4724 ibidem
2750 4687 2797 4737 p.
2838 4669 2957 4724 113.
