3514 5326
908 493 994 547 Do
1037 491 1353 546 confusione
1395 491 1777 563 pronominum
1820 492 1999 548 tertiae
2044 509 2289 562 persona
2334 493 2658 546 Graecorum.
2974 492 3049 548 13

629 665 855 730 Isthm.
900 665 970 741 6,
1014 666 1096 728 32

1145 769 1258 828 καὶ
1300 762 1413 831 τὸν
1454 764 1779 850 βουβόταν
1820 761 1997 850 οὔρει·
2037 767 2179 830 ἴσον

747 864 1144 954 Φλέγραισιν
1185 863 1392 955 εὑρών
1426 863 1737 952 Ἀλκυονῆ
1780 869 2087 952 σφετέρας
2130 859 2209 932 οὗ
2252 868 2519 950 φείσατο

745 975 961 1051 χερσὶν
1001 970 1501 1056 βαρυφθόγγοιο
1544 971 1775 1055 νευρᾶς

735 1067 1096 1158 Ἡρακλέης.

632 1191 851 1256 Isthm.
895 1191 964 1268 8,
1008 1192 1090 1254 55

1737 1286 1833 1365 οἷς
1873 1287 2063 1372 δώμα
2106 1290 2523 1377 Φερσεφόνας

751 1391 1020 1478 μανύων
1063 1390 1374 1476 Ἀχιλεύς,
1420 1388 1608 1478 οὖρος
1650 1390 2009 1468 Αἰακιδᾶν,

753 1498 1042 1576 Αἴγιναν
1083 1499 1397 1583 σφετέραν
1439 1519 1502 1560 τε
1545 1491 1730 1580 ῥίζαν
1773 1495 2159 1580 πρόφαινεν.

634 1617 888 1697 Fragm.
934 1616 1058 1678 200

738 1713 937 1781 Ἀλλο
989 1712 1054 1779 δ’
1097 1715 1390 1782 ἄλλοισιν
1433 1707 1749 1797 νόμισμα,
1796 1716 2110 1800 σφετέραν
2151 1708 2219 1777 δ’
2261 1711 2435 1778 αῖνετ
2470 1713 2662 1780 δίκαν

752 1821 1032 1894 ἕκαστος.

640 1935 853 2002 Semel
895 1937 1158 2002 Pindari
1209 1936 1490 2002 earmina
1531 1934 1604 2011 ὅς
1645 1955 1761 2018 pro
1806 1934 2103 2020 σφετέρος
2144 1934 2451 2022 praebent,
2498 1935 2687 2018 Pyth.
2720 1938 2789 2012 2,
2834 1936 2916 2001 90

1613 2035 1916 2119 στάθμας
1958 2035 2033 2100 δέ
2068 2055 2241 2109 τινος
2284 2031 2610 2118 ἑλκόμενοι

753 2139 1061 2228 περισσᾶς
1104 2138 1431 2218 ἐνέπαξαν
1473 2138 1654 2215 ἕλκος
1696 2133 2021 2226 ὄδυναρὸν
2063 2135 2146 2219 ἑᾷ
2186 2137 2442 2222 πρόσθε
2482 2137 2719 2225 καρδίᾳ

753 2248 911 2327 πρὶν
954 2241 1081 2308 ὅσα
1125 2241 1422 2326 φροντίδι
1462 2245 1793 2328 μητίονται
1841 2250 2061 2324 τυχετν.

552 2351 619 2408 et
660 2346 788 2427 οφέ
826 2366 940 2428 pro
985 2346 1051 2420 ἕ,
1099 2345 1324 2409 Isthm.
1370 2344 1440 2419 6,
1485 2341 1568 2408 ⁷4

753 2449 921 2511 πίσω
964 2464 1088 2533 σφε
1129 2447 1363 2534 (intell.
1408 2446 1833 2530 Lamponem)
1880 2446 2113 2530 Δίρκας
2157 2437 2364 2522 ἁγνόν
2407 2441 2680 2530 ὕδωρ...

678 2564 886 2640 Quum
955 2573 1442 2630 consentaneum
1503 2565 1618 2642 sit,
1682 2563 2129 2628 transitionem
2187 2561 2363 2626 illam
2420 2583 2461 2626 a
2508 2583 2695 2630 sensu
2746 2567 3065 2634 Sanscriti

552 2668 942 2751 pronominis
997 2687 1162 2731 mere
1215 2666 1517 2730 reflexivo
1571 2668 1651 2730 ad
1695 2666 1909 2730 varias
1954 2667 2189 2729 formas
2243 2672 2309 2729 et
2348 2663 2835 2748 significationes
2882 2671 3064 2735 Grae-

556 2789 771 2833 corum
835 2769 1043 2835 tertiae
1109 2787 1391 2850 personae
1455 2767 1901 2850 pronominum
1962 2764 2299 2849 paullatim
2356 2768 2585 2831 factam
2645 2788 2815 2846 esse,
2880 2773 3063 2837 facile

554 2871 692 2953 quis
759 2877 1110 2953 exspectet,
1174 2869 1239 2931 in
1295 2869 1755 2953 antiquissimis
1821 2868 2153 2931 literarum
2224 2865 2588 2932 Graecarum
2651 2873 3065 2936 monumentis

553 2971 827 3054 plurima
868 2971 1055 3053 hujus
1099 2969 1484 3035 confusionis
1527 2969 1804 3053 vestigia
1833 2976 2104 3033 exstare.
2170 2968 2259 3031 Et
2287 2977 2501 3033 tamen
2532 2969 2595 3033 in
2628 2973 3067 3038 Homericis

555 3072 987 3148 Carminibus,
1034 3070 1246 3154 qualia
1289 3071 1369 3134 ad
1415 3091 1530 3135 nos
1573 3078 2029 3155 pervenerunt,
2074 3068 2461 3151 paucissima
2486 3080 2649 3135 sunt.
2716 3074 2881 3139 Nam
2912 3075 3069 3139 Ilias

556 3196 684 3238 non
726 3174 850 3237 nisi
895 3192 1086 3236 unum
1132 3172 1487 3254 exemplum
1531 3174 1776 3255 praebet
1816 3172 1883 3236 in
1928 3169 2291 3246 Δολωνείας
2333 3192 2392 3235 v.
2438 3171 2562 3237 397
2605 3193 2697 3256 sq.

760 3272 800 3359 ἢ
846 3271 966 3359 ἤδη
1010 3274 1324 3356 χείρεσσεν
1368 3268 1477 3358 ὑφ’
1516 3270 1836 3365 ἡμετέρῃσι
1881 3271 2182 3356 δαμέντες

757 3374 953 3460 φύξιν
993 3366 1356 3460 βουλεύοιτο
1395 3372 1554 3459 μετὰ
1597 3379 1823 3463 σφίσιν
1864 3370 2012 3440 οὐδ’
2062 3372 2351 3440 ἐθέλοιτε

756 3477 953 3545 νύκτα
999 3476 1510 3564 φυλασσέμεναι,
1556 3470 1827 3564 καμάτῳ
1870 3472 2173 3563 ἀδηκότες
2213 3477 2383 3564 αι’νιὲῖ
2396 3472 2471 3563 ¹).

642 3596 930 3680 Odyssea
973 3605 1184 3662 autem
1224 3597 1383 3662 haec:
1431 3599 1494 3673 I,
1538 3599 1662 3661 402

757 3698 1040 3785 κτήματα
1084 3694 1152 3762 δ’
1193 3692 1388 3775 αὕτὸς
1426 3696 1594 3781 ἔχοις
1636 3704 1748 3762 καὶ
1791 3696 2086 3782 δώμασιν
2126 3695 2295 3764 οἷσιν
2336 3694 2677 3774 ἀνάσσοις·

557 3816 666 3882 ubi
707 3818 1040 3883 Bekkerus
1084 3815 1334 3901 δώμασι
1377 3826 1605 3883 σοῖσιν.
1669 3818 1803 3894 ΙΧ,
1848 3813 1929 3881 27
1972 3838 2067 3901 sq.

1858 3917 2033 3986 οὔτοι
2074 3916 2273 3999 ἔγωγε

760 4014 835 4105 ἧς
873 4021 1060 4106 γαίης
1099 4020 1387 4107 δύναμαι
1425 4020 1895 4109 γλυκερώτερον
1935 4020 2100 4086 ἄλλο
2142 4020 2435 4095 ἰδέσθαι,

563 4157 942 4221 quamquam
993 4139 1098 4204 hio
1139 4143 1310 4207 locus
1355 4143 1452 4207 ita
1493 4141 1804 4224 explicari
1847 4146 2089 4225 potest,
2144 4149 2215 4204 ut
2255 4134 2329 4226 ἧς
2372 4159 2496 4202 non
2541 4139 2623 4202 ad
2667 4135 2864 4219 ἔγωγε
2905 4142 3073 4205 refe-

562 4245 758 4302 ratur.
803 4239 1006 4315 XIII,
1047 4242 1172 4307 320

763 4334 907 4463 ιζ’λλῗ
947 4338 1075 4405 αἰεὶ
1117 4348 1360 4432 φρεσὶν.
1387 4340 1533 4438 ᾗσιν
1573 4342 1739 4429 ἔχων
1781 4344 2205 4429 δεδαιγμένον
2245 4338 2397 4431 ἦτορ

762 4433 1056 4529 ηλώμην,

712 4622 750 4689 ¹)
795 4622 1064 4674 Bekkerm
1112 4625 1328 4680 altorum
1373 4628 1695 4695 scriptionem
1741 4628 1807 4679 ab
1853 4627 2142 4681 Aristonico
2186 4634 2629 4679 commemoratam
2666 4624 2911 4689 recipiens
2954 4626 3073 4689 pou-

563 4705 772 4761 λοόοσω
805 4734 870 4747 --
907 4707 1144 4763 ”ilem
1174 4711 1326 4763 dedit.
